2888 4958
528 293 669 354 Medicina
690 296 810 374 publica.
1195 302 1258 367 205

84 449 197 513 Friedr.
220 447 387 526 Kappler
411 447 571 507 Handbucb
587 450 638 509 der
658 448 798 509 Literatur
812 452 863 509 des
874 452 1097 515 Criminalrecbts
1115 462 1174 518 und
1195 460 1259 519 des-

129 555 179 593 sen
211 534 450 611 pbilosophischer
481 536 540 592 und
568 536 776 594 medicinischer
808 537 1130 601 Hilfswissenschaften.
1166 546 1259 604 scott-

129 625 195 696 gart
219 615 309 678 raas.
334 615 364 676 s.

117 751 170 848 o.
229 749 575 848 Medicina
598 751 871 871 publico
905 755 1227 858 ueterum.

86 908 176 985 lgnaz
197 905 302 965 Kahu
333 907 402 964 iiber
424 907 479 1046 qen
500 907 894 1047 meqicinisclp-polizeilichen
916 912 986 969 Sinn
1010 914 1060 971 der
1081 913 1257 973 Mosaischen

130 989 1101 1159 lattalllssllgilllll·<1ltl'lslll2hl·.{..ltl
1114 999 1258 1157 llll}

129 1157 225 1210 Judaei
244 1166 270 1210 et
288 1159 353 1210 bene
370 1157 492 1209 instructi
511 1162 596 1226 opus.)

88 1231 123 1292 E.
144 1231 225 1306 Benj.
247 1231 303 1291 Gli.
327 1231 564 1290 Hebenstreit
585 1249 668 1288 curae
688 1231 814 1290 sanitatis
836 1232 963 1310 publicae
984 1237 1060 1312 apud
1074 1242 1183 1295 veteres
1207 1257 1256 1296 ex-

130 1317 231 1395 empla.
268 1315 344 1393 Lips.
372 1309 463 1376 1779.
490 1310 519 1376 4.
547 1349 588 1358 -
617 1315 737 1390 Ejusd.
767 1337 850 1375 curae
879 1327 931 1377 etc.
960 1318 1126 1380 Dissertatio
1158 1322 1254 1382 altera.

129 1400 208 1479 lips,
233 1395 324 1461 1783.
347 1395 376 1463 4.
403 1407 507 1471 (Bonae
534 1404 760 1474 disquisitiones.)
992 1439 993 1443 ,

88 1486 174 1548 Wilh.
199 1485 291 1544 David
315 1485 520 1543 Fubrmann
549 1486 712 1544 historische
736 1485 956 1564 Untersuchung
977 1489 1046 1547 iiber
1068 1490 1114 1548 die
1128 1491 1256 1567 Begrdh-

131 1572 284 1648 nisspl‘aitze
305 1569 460 1643 derAlten,
490 1572 642 1628 besonders
670 1572 737 1628 iiber
759 1572 810 1628 das
831 1571 988 1631 Entstehen
1013 1577 1071 1633 und
1093 1577 1149 1634 den
1170 1577 1256 1635 Fort-

132 1675 210 1732 gang
233 1658 285 1713 der
301 1655 487 1713 Gewobnheit
505 1663 586 1713 anter
602 1658 658 1712 den
675 1657 815 1728 Christen,
838 1657 883 1713 die
900 1657 1021 1717 Leichen
1039 1661 1184 1718 innerhalb
1206 1663 1257 1721 der

132 1743 244 1815 St'adte,
270 1741 357 1798 selbst
380 1760 465 1815 sogor
490 1741 518 1798 in
541 1742 586 1797 die
611 1741 732 1798 Kircbeu
760 1761 795 1798 zu
819 1741 967 1816 begraben,
1002 1744 1085 1802 Halle
1108 1741 1199 1806 1800.
1224 1743 1254 1806 8.

132 1821 274 1889 (Theologi
292 1822 406 1874 auctoris
425 1821 574 1891 opusculum
593 1831 636 1874 sat
654 1822 786 1891 copiosum
805 1830 831 1874 et
848 1825 995 1891 eruditum.)

87 1894 135 1953 Jo.
162 1895 235 1958 Geo.
260 1894 390 1952 Eccius
417 1896 454 1951 ad
476 1895 567 1970 legem
598 1895 660 1957 Xll.
692 1896 864 1952 tabularum:
892 1898 1033 1956 hominem
1057 1906 1199 1960 mortuum
1226 1901 1255 1960 in

131 1981 202 2038 urbe
226 2000 262 2037 ne
284 1980 400 2056 sepelito
422 1999 493 2038 neve
519 1981 600 2038 urito.
625 1978 702 2056 Lips.
727 1974 817 2037 1786.
844 1974 872 2036 4.
1205 2045 1208 2049 ,

87 2063 123 2123 F.
149 2065 183 2122 Α.
209 2064 488 2140 Klockenbring
510 2066 635 2135 Beweis,
666 2066 731 2120 dass
758 2064 804 2120 die
828 2063 937 2139 Regeln
963 2065 1014 2122 der
1036 2066 1179 2142 Ordnung
1203 2069 1254 2126 der

130 2149 287 2208 Mortalitit
312 2151 340 2207 in
367 2150 440 2206 Rom
468 2151 569 2207 bereits
598 2151 627 2206 in
655 2151 712 2206 deu
730 2155 821 2205 ersten
842 2149 1066 2207 Jahrbunderten
1092 2153 1143 2209 ‹ler
1168 2152 1253 2210 Mon·

131 2234 224 2292 arcbie
245 2234 369 2292 bekannt
390 2254 519 2309 gewesen
544 2234 615 2296 sind.
651 2233 818 2309 Vorlesung.
856 2234 1012 2309 Giittingeu
1035 2231 1125 2295 1767.
1142 2232 1173 2297 4.
1197 2243 1254 2307 (De

131 2315 204 2367 libris
223 2315 388 2368 censualibus
406 2325 434 2368 et
452 2316 551 2384 aliquot
568 2315 633 2367 locis
651 2315 835 2384 pandectarum
854 2324 880 2368 et
903 2317 1103 2384 fragmentorum
1126 2316 1254 2386 Ulpiani.)

88 2387 132 2447 Jo.
154 2389 241 2449 Henr.
268 2389 409 2446 Dauber
434 2390 471 2446 de
491 2395 554 2445 toto
575 2389 738 2465 inspiciendi
761 2389 903 2446 cadaveris
920 2390 1046 2446 instituto
1064 2391 1100 2448 ab
1117 2391 1254 2449 Hebraeis

130 2494 181 2550 per
205 2493 303 2530 manus
326 2474 498 2530 Graecorum
523 2475 560 2531 ad
583 2474 727 2531 Romanos
749 2474 895 2534 translato.
929 2475 1016 2533 Bred.
1040 2470 1131 2534 1646.

88 2558 162 2617 Petr.
187 2558 321 2616 Gerike
350 2578 445 2635 progr.
478 2578 534 2634 quo
559 2559 761 2636 inspectionem
787 2558 929 2615 cadaveris
952 2561 979 2616 in
1002 2560 1151 2619 homicidio
1176 2562 1252 2639 apud

129 2643 275 2700 Romanos
300 2643 364 2700 olim
386 2645 414 2700 in
440 2663 492 2700 usu
517 2644 602 2700 fuisse
624 2644 755 2700 ostendit.
809 2643 966 2700 Helmstad.
1005 2639 1095 2703 1739.
1130 2640 1159 2702 4.
1197 2651 1254 2717 (Αά

129 2723 264 2777 Plutarchi
279 2725 324 2776 vit.
345 2724 447 2776 Romuli
460 2734 487 2776 et
500 2723 627 2788 Gracchi,
640 2724 760 2775 Cicerou.
774 2733 842 2779 orat.
856 2741 905 2792 pro
913 2723 1042 2788 Cluentio,
1057 2725 1174 2778 Senecae
1188 2744 1253 2780 cou-

130 2802 257 2858 trovers,
275 2794 383 2847 Sueton.
401 2793 452 2845 Jul.
472 2794 559 2858 Caes.)

87 2865 131 2929 Jo.
158 2867 225 2928 Ern.
252 2867 336 2924 Ferd.
363 2866 516 2923 Schulze
536 2863 707 2939 toxicologia
729 2868 868 2933 veterum,
895 2862 1006 2941 plantas
1032 2870 1182 2922 venenatas
1203 2884 1252 2924 ex.

128 2951 226 3009 bibens
247 2952 446 3027 Theophrasti,
468 2949 582 3021 Galeri,
611 2949 799 3021 Dioscuridu,
829 2948 909 3005 Plinii
936 2948 1109 3024 aliorumque
1130 2953 1253 3009 auctori-

128 3042 188 3094 tate
212 3037 250 3093 ad
270 3037 403 3094 deleteria
427 3054 535 3094 venena
555 3034 665 3092 relatas.
718 3034 783 3097 Hal.
806 3028 897 3093 1788.
924 3029 954 3096 4.
987 3039 1067 3106 (Loci
1090 3040 1253 3109 scriptorum

130 3117 176 3186 qui
194 3117 227 3170 de
245 3118 350 3169 venenis
369 3127 450 3185 agunt
467 3116 649 3169 commentario
667 3115 746 3167 docto
765 3114 879 3181 donati.)

88 3188 123 3253 G.
145 3190 179 3251 E.
204 3191 397 3249 Christiani
425 3190 549 3268 prolusio
582 3189 719 3246 illustrans
752 3187 929 3246 memorabile
955 3189 1039 3247 medii
1067 3190 1129 3248 aevi
1153 3210 1253 3249 monu-

126 3283 268 3352 mentum,
296 3277 373 3350 quod
398 3277 434 3332 ad
462 3275 625 3333 medicinam
647 3275 786 3331 forensem
812 3279 931 3350 spectat,
967 3274 1144 3351 Responsum
1168 3277 1254 3334 lCto·

126 3379 189 3418 rum
210 3360 440 3436 Mogurrtiuorum
462 3360 557 3419 datum
583 3360 611 3416 in
632 3378 716 3417 causa
736 3359 849 3430 illustri,
883 3359 966 3434 elogii
989 3360 1159 3418 medicorum
1183 3361 1255 3419 alio-

127 3464 246 3520 rumque
271 3452 387 3503 uaturae
408 3451 594 3502 scrutatorum
616 3444 711 3501 habito
735 3450 870 3521 respectu.
902 3443 996 3501 Kilon.
1016 3438 1108 3504 1786.
1124 3440 1152 3501 4.
1183 3450 1252 3513 (Re-

128 3543 252 3608 sppnsum
272 3527 305 3578 de
344 3535 401 3578 artu
419 3526 533 3608 legitimo
552 3526 670 3608 qupmvis
689 3525 809 3607 ppaecoci
828 3524 1087 3642 gemel‘l'lm’d‘llff
1098 3541 1167 3642 pono
1182 3524 1250 3578 1433

129 3595 298 3716 :llltl'll
321 3595 473 3732 „altha
485 3596 1057 3734 Plsstltll'tlltlslttl.talant.
1077 3599 1184 3727 tall:
1196 3594 1251 3720 li]

128 3733 198 3788 zm.
217 3731 291 3786 1786.
346 3733 371 3784 ar
386 3734 413 3788 s,
432 3731 508 3800 aas.)

114 3870 175 3966 cl.
234 3869 580 3967 Medicina
615 3865 1221 3989 postmomodum

446 3989 886 4108 scopulorum.

86 4138 185 4216 Franc.
208 4140 240 4199 P.
268 4142 493 4201 Chaumeton
516 4144 639 4219 esquisse
660 4142 813 4217 historique
838 4141 922 4199 dela
943 4141 1087 4200 medecine
1107 4139 1197 4216 legale
1215 4159 1249 4200 en

125 4225 243 4286 France.
264 4224 453 4287 Paris1806.
475 4223 505 4289 8.
539 4234 612 4301 (Cfr.
635 4232 717 4300 Kopp
738 4231 875 4283 Jahrbucb
898 4231 947 4282 der
973 4230 1252 4284 Staatsarzneikunde

84 4305 417 4456 Tailiiihi'oriilllique
442 4382 478 4438 dc
499 4387 576 4440 touts
598 4381 637 4439 les
654 4381 737 4452 edits,
762 4378 964 4453 declaratione,
989 4378 1085 4436 lettres
1108 4384 1248 4457 patentes,

123 4465 213 4523 arrets
238 4466 277 4524 du
298 4467 427 4544 Conseil,
450 4473 552 4525 statuto
573 4473 602 4526 et
622 4465 794 4542 reglemens,
823 4469 1004 4522 conceruants
1031 4463 1073 4522 les
1096 4465 1249 4543 medecins,
