2888 4958
172 316 213 382 10
510 314 635 374 Historia
655 315 808 374 medicinae
830 316 999 378 universalis.

233 471 316 567 l).
350 464 649 562 waburna
677 464 1269 584 concamaratione.

170 622 247 702 Aug.
269 624 346 683 Frid.
369 621 509 679 Hecker
531 621 684 677 medicinae
705 621 793 677 omnis
816 622 875 679 aevi
893 623 953 679 fata
966 621 1069 679 tabulis
1080 623 1217 699 exposuit,
1237 641 1336 700 progr.

215 711 328 769 Erford.
344 702 433 766 1790.
457 703 485 762 4.
530 711 650 776 (Novem
662 709 783 776 periodis
798 710 976 778 distinguitur
989 712 1136 763 medicinae
1149 712 1290 778 historia.)

170 794 321 855 immanuel
343 793 396 849 Gli.
419 790 558 848 Knebel
580 790 705 848 Versuch
732 791 806 847 einer
826 791 1074 867 chronologischen
1098 794 1262 851 Uebersicht
1285 793 1338 849 der

211 877 481 954 Literargeschichte
503 876 553 932 der
576 873 880 948 Arzneiwissenscbass‚
903 896 954 933 zur
974 877 1173 952 Beforderung
1199 878 1257 934 und
1281 876 1337 933 Er-

212 966 384 1037 leichtemng
410 963 461 1018 des
482 960 628 1017 Studiums
650 960 803 1018 derselben.
847 962 973 1039 Breslau,
994 962 1166 1036 Hirschberg
1182 963 1240 1019 und
1253 960 1338 1019 Lissa

213 1046 304 1110 1799.
333 1044 362 1106 8.
407 1056 601 1124 (chronologia
618 1057 717 1109 medica
735 1057 760 1109 in
778 1059 880 1110 tabulae
898 1058 1051 1127 synopticas
1069 1061 1193 1124 redacta3
1228 1075 1336 1111 enume-

211 1139 303 1184 rantur
320 1128 420 1195 aliquot
437 1127 494 1179 libri
513 1127 546 1178 ad
564 1126 655 1180 histor.
674 1127 815 1179 medicinae
834 1127 1005 1196 pertinentes;
1024 1147 1075 1180 non
1093 1127 1174 1180 malus
1191 1128 1282 1196 liber.)

169 1205 263 1266 Fried.
284 1201 384 1259 Ludw.
409 1199 591 1273 Augustin
616 1198 802 1275 vollst'andige
829 1201 995 1258 Uebersicht
1023 1203 1072 1259 der
1095 1201 1262 1259 Gesehichte
1284 1201 1337 1257 der

211 1288 334 1348 Mediein
357 1286 384 1342 in
406 1283 610 1343 tabellarischer
634 1284 728 1342 Form.
772 1286 866 1343 Berlin
889 1280 979 1343 1801.
1006 1283 1035 1348 4.
1064 1316 1111 1330 -
1135 1284 1233 1342 Editio
1253 1290 1337 1342 anda

213 1381 239 1433 ei
259 1371 413 1430 emendam?
447 1369 539 1430 Remi·
564 1364 654 1426 1825·
677 1367 707 1430 4·
752 1383 957 1447 (collectaneae
976 1383 1068 1436 lontib.
1087 1382 1274 1436 recentioribus
1292 1399 1337 1434 ae-

214 1456 323 1507 cundum
341 1460 481 1519 temporum
507 1451 620 1502 ordinem
645 1450 761 1518 digesta3
790 1453 837 1505 clr.
862 1455 976 1522 Aligem.
998 1454 1090 1507 medic.
1110 1455 1181 1507 Ann.
1199 1453 1335 1521 Supplem.

213 1525 264 1579 aa.
285 1520 440 1585 lam-25,
458 1537 523 1588 pag.
542 1518 593 1569 220
610 1519 666 1586 aq.)

169 1597 270 1656 Ludw.
293 1593 473 1651 Choulant
495 1591 597 1649 Tafeln
622 1610 671 1647 zur
698 1591 866 1650 Geschichte
887 1594 937 1650 der
958 1593 1081 1650 hledizin
1102 1592 1173 1650 nach
1196 1594 1246 1650 der
1258 1591 1336 1650 Ord-

212 1701 291 1756 nung
315 1680 388 1736 ihrer
413 1676 575 1734 Doctrinen.
617 1675 681 1732 Von
713 1677 767 1733 den
787 1677 906 1735 iiltesten
929 1679 1028 1736 Zeiten
1055 1678 1096 1735 bis
1117 1698 1180 1735 zum
1204 1677 1337 1735 Schlusse

214 1768 264 1824 des
289 1763 473 1822 achtzehnteu
509 1760 721 1817 Jahrhunderts.
775 1759 894 1839 Leipzig
921 1758 1011 1820 1822.
1041 1764 1059 1820 f.
1089 1775 1187 1836 (Tabb,
1201 1775 1263 1839 ΧΠ,
1278 1774 1336 1832 κῃ,

214 1848 281 1899 duae
300 1843 452 1913 generales,
470 1842 586 1909 reliquae
605 1841 637 1893 ad
656 1840 746 1896 histor.
765 1852 886 1907 anatom,
905 1843 1025 1911 phyciol,
1045 1843 1196 1910 hygieines,
1224 1861 1337 1913 praxeos

212 1915 338 1977 medicae,
357 1912 479 1978 chirurg,
499 1912 641 1977 obstetric,
660 1911 862 1980 pharmacolog„
878 1912 1052 1981 pharmaciae,
1065 1913 1205 1964 medicinae
1215 1913 1336 1981 publicae

213 1993 240 2038 et
258 1981 411 2037 eruditionis
430 1980 545 2032 medicae
564 1981 730 2048 pertinentes,
750 1998 806 2032 cum
824 1981 962 2034 literatura
981 1981 1250 2047 historico-medica.)

170 2058 289 2118 Caaimir
308 2053 508 2113 Broussais
531 2053 601 2110 atlas
627 2054 782 2128 historiqne
811 2062 839 2112 et
866 2054 1105 2130 bibliographique
1127 2055 1163 2112 de
1185 2055 1212 2112 la
1237 2054 1336 2112 mede·

211 2144 286 2213 cine,
311 2142 447 2216 compose'
470 2139 506 2195 de
527 2137 657 2197 tableanx
682 2157 731 2195 sur
751 2139 884 2196 l'histoire
906 2140 942 2195 de
965 2138 1139 2210 l’anatomie,
1162 2140 1198 2196 de
1216 2138 1243 2195 la
1262 2139 1335 2216 phy-

212 2227 338 2302 siologie,
366 2226 402 2281 de
422 2223 573 2299 l’hygiene,
604 2224 640 2280 de
661 2223 688 2278 la
710 2224 869 2298 medecine,
892 2223 927 2279 de
949 2222 975 2278 la
1000 2223 1136 2299 chirurgie
1158 2230 1187 2280 et
1207 2225 1243 2281 de
1263 2224 1335 2281 l’ob·

211 2313 346 2386 stetrique
368 2315 420 2365 ete.
464 2307 541 2385 Paris
565 2301 655 2364 1899.
678 2308 697 2363 f.
722 2339 769 2349 —
792 2307 849 2364 Eu.
875 2308 975 2363 altera:
997 2306 1073 2365 Paris
1098 2303 1188 2366 1834.
1215 2310 1233 2364 f.
1262 2313 1336 2379 (Ta-

211 2392 289 2446 bulae
308 2407 340 2442 ex
355 2387 472 2458 proxime
491 2387 706 2456 praecedentibus
725 2395 815 2453 natae3
850 2388 876 2440 in
901 2388 949 2438 hac
974 2390 1087 2440 secunda
1105 2389 1218 2441 editione
1236 2388 1337 2443 demum

213 2465 380 2515 accesserunt
397 2458 468 2512 tabb.
488 2456 612 2508 historiae
630 2455 870 2524 pharmacologiac,
897 2457 1061 2526 pharmaciae
1079 2467 1106 2510 et
1124 2459 1267 2512 medicinae
1285 2476 1336 2526 pu-

213 2531 314 2590 blicae3
350 2526 411 2580 vide
431 2527 530 2592 Coeper
548 2527 611 2579 lecit.
632 2527 738 2592 Repert.
751 2531 804 2592 scir
822 2528 865 2578 die
882 2535 1025 2596 geeammte
1043 2529 1132 2582 Heillc.
1152 2528 1228 2584 1830.
1250 2528 1297 2581 XX
1304 2528 1335 2583 V.

212 2601 241 2652 S.
265 2596 315 2651 267
329 2602 376 2664 fg.
413 2598 526 2664 Aligem.
546 2596 636 2646 medic
662 2594 896 2649 renuntians.
920 2595 993 2660 824.)

168 2672 207 2732 Μ.
230 2673 260 2729 S.
286 2671 432 2744 Kriiger
454 2668 705 2743 synchronistische
726 2669 754 2726 T
756 2669 862 2725 abellen
883 2688 933 2725 zur
955 2668 1121 2726 Geschichte
1143 2670 1192 2727 der
1202 2668 1334 2726 Medicin.

210 2758 265 2815 Ein
289 2754 437 2814 Leitsaden
460 2773 496 2809 zu
517 2753 727 2810 akademischen
754 2753 948 2827 Vorlesungen
970 2773 1001 2809 so
1029 2755 1081 2811 wie
1102 2774 1165 2811 zum
1189 2754 1337 2830 Privatge-

210 2842 340 2901 brauohe.
383 2839 478 2897 Berlin
501 2832 592 2895 1840.
613 2834 643 2900 4,
688 2844 855 2910 (Secundum
867 2845 957 2894 lantes
968 2842 1160 2910 recentiores.)

464 2990 541 3083 Ε.
590 2985 1037 3087 correctiones.

168 3142 294 3205 Barthol
316 3140 439 3200 Moser
464 3143 602 3217 quadriga
632 3143 785 3200 medicinae
810 3145 1024 3222 triumphantis,
1062 3149 1184 3219 quatuor
1208 3142 1335 3200 tractati-

211 3230 264 3286 bus
287 3234 427 3302 constans,
453 3223 480 3284 1.
504 3228 540 3284 de
562 3227 668 3301 origine
693 3234 722 3284 et
743 3249 893 3306 progressu
913 3231 1075 3303 medicinae,
1100 3224 1128 3286 2.
1149 3230 1185 3285 de
1205 3227 1335 3285 honorib.

212 3319 241 3372 et
262 3313 363 3371 divitiis
385 3313 547 3384 medicinae,
572 3307 600 3369 3.
627 3314 663 3369 de
685 3314 749 3371 viris
771 3315 896 3372 illustrib.
919 3315 1081 3386 medicinae,
1105 3309 1136 3373 4.
1164 3314 1200 3371 de
1222 3312 1335 3380 medicis

210 3399 313 3456 sanctis
340 3416 491 3472 eorumque
512 3397 582 3453 vitis.
626 3397 726 3456 Calon.
751 3395 840 3457 1645.
866 3395 913 3456 lt.

168 3483 241 3545 Dan.
264 3483 492 3625 Guillhliiller
513 3481 675 3562 (hlollerus)
706 3485 840 3562 opuscula
860 3480 1336 3560 medico-histnrico-philologica.

210 3567 312 3626 Altorf.
360 3565 408 3626 6..
430 3565 459 3624 4.

169 3653 241 3713 Geo.
267 3653 373 3729 Wollg.
405 3650 527 3711 Wedel
559 3653 683 3709 centuria
708 3654 934 3712 exercitationum
959 3649 1337 3728 medico-philologicarnm

211 3757 350 3796 sacrarum
373 3744 401 3796 et
422 3739 621 3815 profanarum,
644 3740 735 3797 varias
756 3739 907 3813 lectiones,
932 3738 1120 3813 experimenta
1143 3741 1172 3793 et
1197 3753 1338 3791 commen-

211 3823 297 3879 tarios
319 3824 442 3879 annosos
467 3823 607 3885 exhibens.
651 3824 711 3882 Jen.
736 3818 827 3882 1701.
850 3826 927 3895 (noo.
950 3826 992 3883 tit.
1016 3817 1125 3894 1702.)
1151 3818 1243 3877 4.-
1263 3818 1338 3875 Cen-

211 3907 285 3965 turia
307 3906 340 3964 ll.
363 3927 449 3964 exerc.
476 3909 549 3965 merl.
575 3907 641 3984 phil.
674 3910 735 3967 Jen.
759 3902 850 3966 1704.
872 3903 901 3965 4.
929 3940 972 3949 -
997 3904 1139 3964 Centurioe
1157 3907 1264 3981 primae
1290 3903 1337 3959 de-

211 3993 291 4050 caden
320 3989 353 4048 X
379 3995 485 4049 seorsim
514 3991 603 4050 editae
627 4001 703 4065 nint,
734 3993 792 4056 scil.
814 3993 869 4052 dec.
893 3989 918 4054 I.
942 3998 967 4049 et
990 3989 1031 4050 ll.
1065 3990 1123 4048 Jen.
1148 3983 1247 4056 1686,
1279 3986 1336 4050 dec.

210 4075 268 4137 ΠΙ.
293 4070 384 4147 1687,
406 4077 462 4138 dec.
488 4075 538 4138 IV.
564 4072 656 4152 1689,
682 4079 736 4136 dec.
758 4079 785 4136 V.
810 4073 902 4147 1691,
924 4077 979 4140 dee.
1007 4074 1053 4133 VI.
1080 4071 1172 4150 1692,
1196 4073 1250 4133 elec.
1273 4069 1337 4130 VII.

211 4157 306 4231 1694,
327 4162 383 4224 dec.
411 4159 491 4224 VIll.
517 4157 609 4236 1696,
633 4163 688 4226 dec.
713 4161 766 4223 IX.
790 4158 873 4221 1699
896 4182 953 4220 cum
970 4163 1025 4224 tab.
1038 4181 1108 4230 aen,
1127 4161 1182 4221 dec.
1196 4155 1232 4214 X.
1247 4151 1338 4226 1701,

210 4247 353 4305 nortnrtllae
384 4246 462 4320 liujus
486 4250 592 4324 primae
623 4252 757 4306 centuriae
777 4248 888 4305 decades
907 4248 998 4326 plures
1026 4246 1154 4304 editiones
1175 4243 1339 4309 habuerunl3

212 4335 345 4389 centuriae
369 4333 498 4389 secundae
531 4334 644 4409 quinque
669 4334 751 4392 rohnn
782 4332 893 4390 decades
921 4333 1023 4411 pollici
1047 4330 1121 4404 juris
1141 4327 1251 4406 sactae·
1267 4329 1336 4383 sarit.

213 4411 308 4478 (Haec
337 4413 456 4465 collectio
484 4410 564 4464 multa
591 4413 707 4467 continet
734 4414 804 4467 circa
830 4414 1001 4482 antiquitates
1027 4410 1139 4464 medicas
1157 4408 1293 4461 bibliorum
1312 4411 1339 4458 et

212 4480 367 4551 scriptorum
384 4483 568 4550 profanorum
590 4483 624 4536 de
641 4483 674 4537 iia
683 4500 751 4552 quae
759 4483 792 4536 ad
801 4482 881 4536 biblia
890 4482 1021 4552 pertinent
1029 4479 1089 4533 vide
1098 4478 1180 4532 Mich.
1193 4477 1337 4530 Schlen-
