2888 4958
578 303 718 367 Medicina
738 301 867 385 mythice.
1270 302 1314 370 29

184 459 325 524 delivered
355 461 387 516 at
417 456 467 518 the
497 457 677 538 anniversary
709 457 833 534 meeting
865 457 900 517 of
927 454 977 516 tbe
1008 456 1127 517 meclical
1148 457 1256 537 society
1280 460 1315 521 oi

183 546 318 620 London‚
344 539 385 602 19
405 542 530 621 January
552 538 652 618 1778,
678 548 709 601 to
731 543 821 601 which
846 561 895 601 are
919 543 995 601 since
1014 544 1110 602 added
1136 545 1246 604 various
1267 544 1312 604 hi-

185 630 297 690 storical
322 628 513 690 illustratione.
555 626 650 690 Lond.
674 623 764 687 1778.
789 622 909 704 (1779.)
929 622 959 690 8.
1003 632 1057 698 (De
1078 634 1210 686 medicina
1230 641 1310 688 vetu-

187 711 300 766 stissima
318 710 433 778 mythice
451 715 600 778 comparata
617 725 674 762 cum
691 708 818 762 hodierna
834 707 935 761 rudium
953 708 1106 778 populorum
1123 709 1269 777 medicine.)

141 782 220 847 Frid.
242 786 408 842 Boerner
431 782 468 839 de
486 800 554 839 vera
575 782 727 839 medicinae
747 782 853 856 origine
874 781 1088 858 potioribusque
1109 783 1169 858 ejus
1185 786 1222 841 ad
1237 785 1311 864 Hip-

184 870 309 948 pocratis
330 885 421 942 usque
445 871 572 943 tempora
596 866 771 924 incrementis
797 865 923 927 diatribe.
967 865 1109 942 Viteberg.
1124 863 1215 929 1754.
1225 863 1311 931 4,...

185 952 274 1012 Redit
294 956 325 1010 io
356 953 459 1008 Boem.
483 955 557 1008 noct.
594 949 714 1028 Guelph.
739 945 832 1010 1755.
860 967 927 1026 pag.
949 944 1127 1015 add-267.
1173 958 1244 1024 (Cir.
1264 960 1308 1012 Jo.

185 1033 331 1086 Psimerius
356 1033 395 1085 de
421 1030 686 1083 Grentesmenil
713 1049 749 1082 oo
772 1030 904 1083 medicina
927 1036 1045 1100 tempore
1069 1033 1184 1101 mythico
1210 1034 1239 1086 isc
1259 1053 1310 1089 uss

183 1105 273 1170 fucrit
290 1101 317 1153 in
334 1098 460 1153 d'Orville
478 1100 548 1153 obss.
566 1098 672 1155 miscell.
690 1098 765 1154 11111.
783 1097 855 1165 336.)

140 1173 260 1250 Haquin
291 1172 472 1246 Wittberg
508 1172 618 1248 (praes.
646 1171 731 1234 Laur.
762 1171 795 1232 P.
821 1169 951 1250 Wthlin)
986 1173 1053 1236 diss.
1079 1173 1174 1251 inaug.
1207 1176 1308 1236 sistens

184 1259 288 1337 primas
310 1258 430 1332 origines
456 1256 618 1314 medicinae.
659 1254 747 1314 Lund
773 1250 916 1317 18004.

139 1339 220 1403 Rich.
243 1343 360 1400 Miller
383 1337 576 1416 disquisitions
599 1340 626 1398 in
648 1340 696 1398 the
719 1341 827 1416 history
842 1342 877 1398 os
886 1341 1038 1401 medecina
1066 1342 1099 1404 P.
1117 1341 1309 1424 1611161613

182 1427 294 1485 aview
316 1428 350 1484 of
366 1426 481 1504 physic,
523 1443 555 1482 as
587 1425 725 1483 observed
756 1431 786 1482 to
813 1425 930 1483 tiourish
956 1426 984 1484 in
1009 1434 1118 1487 remote
1144 1429 1257 1507 periodo
1279 1431 1309 1491 in

181 1510 297 1589 Europe
320 1513 378 1569 and
400 1511 450 1568 the
471 1510 550 1567 East.
593 1508 698 1567 Edinb.
727 1503 817 1570 1811.
843 1504 873 1571 8.
1196 1566 1201 1571 .

137 1593 215 1658 Will.
236 1596 369 1672 Heyliger
390 1595 493 1653 Ruan
526 1593 594 1654 diss.
616 1594 710 1669 inaug.
742 1594 779 1651 de
811 1594 878 1651 artis
911 1593 1070 1671 apollinaris
1094 1615 1129 1655 ex
1154 1594 1308 1658 661616-

182 1680 343 1758 sculapiano
365 1681 403 1738 ad
428 1677 592 1737 Galeuicom
612 1682 697 1740 statu.
739 1678 842 1740 Edinb.
865 1672 956 1742 1818.

137 1760 186 1826 Jo.
212 1764 400 1823 Heurnius
420 1763 512 1822 oratio
534 1763 570 1822 de
591 1763 744 1821 medicinae
766 1763 884 1839 origine,
904 1760 1120 1842 Aesculapidum
1140 1783 1173 1824 ac
1193 1765 1308 1847 ffippo·

182 1850 264 1908 cratis
289 1851 376 1927 stirpe
400 1854 431 1907 et
463 1847 580 1927 scriptis.
634 1845 729 1923 Lugd.
753 1848 818 1910 Bat.
849 1842 940 1911 1584.
962 1842 993 1910 4.
1029 1849 1065 1912 11).
1092 1845 1184 1913 1589.
1205 1846 1236 1915 4.
1268 1853 1306 1918 ib.

182 1928 275 1997 1608.
295 1929 327 1996 4.
348 1940 373 1992 st
392 1937 424 1993 io
448 1932 526 2012 Opp.
547 1951 624 1995 omn.
649 1930 744 2010 Lugd.
767 1932 833 1994 Bat.
856 1927 948 1992 1609.
968 1928 999 1992 4.
1021 1933 1057 1997 ib.
1076 1926 1170 1995 1658.
1191 1935 1213 1994 s.

348 2119 398 2205 b·
449 2116 555 2200 Dic·
576 2122 633 2201 et
661 2099 1098 2202 heroosnoodc’ci

136 2269 184 2332 Jo.
207 2271 284 2331 Frid.
305 2272 430 2351 Meyer
454 2275 491 2331 de
511 2271 678 2331 valetudinis
700 2272 752 2330 diis
774 2273 937 2349 deabusque
962 2280 1087 2333 veterum
1105 2274 1230 2350 gentium
1245 2293 1307 2335 616·

139 2359 161 2410 i*
182 2358 259 2418 dicis.
303 2356 381 2436 Lips.
405 2352 496 2419 1670.
519 2354 549 2420 4.
594 2352 664 2437 (011.
678 2371 807 2441 Sprcnget
824 2372 954 2442 Beitrdgc
966 2390 991 2427 n.
1009 2373 1080 2426 (1.6.
1098 2374 1138 2428 M.
1154 2374 1204 2429 111.
1218 2372 1306 2446 dfg.)

136 2440 184 2506 Jo.
205 2441 296 2502 Henr.
317 2463 387 2502 von
410 2442 539 2500 Seelen
566 2442 604 2499 de
624 2442 677 2500 diis
702 2445 865 2519 deabusque
886 2450 1011 2503 veterum
1031 2446 1158 2522 gentium
1181 2449 1304 2507 medicis.

180 2525 287 2590 Lubec.
315 2523 407 2589 1736.
432 2523 461 2588 4.
505 2531 618 2598 (Theoi.
642 2539 713 2584 auct.
737 2533 827 2601 opus.)

138 2610 232 2672 Carol.
256 2611 335 2675 Frid.
352 2611 651 2670 rHundertmacclc
676 2613 834 2672 exercitatio
856 2614 893 2671 de
914 2613 1084 2692 principibus
1099 2613 1151 2671 diis
1166 2615 1306 2674 61116166-

180 2696 259 2754 dicae
279 2696 442 2754 tutelaribus
463 2698 541 2773 apud
565 2702 674 2755 veteres
693 2697 818 2756 Graecos
840 2703 925 2772 atque
945 2697 1097 2760 Romanos.
1119 2694 1305 2776 11661735.

180 2775 210 2842 4.
232 2813 276 2824 —-
306 2779 455 2838 Recessit
478 2778 654 2839 Achermann
686 2800 782 2858 opusc.
813 2782 851 2839 ad
882 2780 982 2841 medic.
1008 2780 1105 2838 histor.
1137 2783 1306 2859 pertinentia

181 2861 325 2938 (Norimb.
348 2861 439 2926 1797.
461 2860 505 2944 8.)
532 2884 599 2943 pag.
623 2860 750 2924 1-48.
794 2870 901 2937 (Docta
922 2868 1090 2922 elucubratio
1113 2869 1147 2922 de
1168 2870 1305 2941 Apolline,

180 2945 345 3014 Aesculapio,
363 2947 469 3015 Eygea,
487 2947 609 2999 Pannces
625 2947 671 3012 61.)

135 3015 194 3081 Jul.
216 3017 282 3080 Car.
304 3018 505 3095 Schlaeger
530 3018 727 3077 commentatio
749 3017 786 3076 de
808 3018 860 3076 diis
880 3017 1095 3094 hominibusque
1116 3019 1305 3079 servatoribus

180 3121 215 3161 ex
235 3103 325 3161 uumis
348 3109 434 3178 atque
462 3105 643 3161 marmoribus
671 3103 789 3161 vetustis
810 3105 848 3160 ad
869 3103 946 3160 varia
972 3102 1151 3180 epistolarum
1175 3102 1305 3164 Paulina·

178 3206 240 3245 rum
261 3185 333 3250 loca
376 3187 553 3248 Helmestad.
575 3182 667 3250 1737.
692 3183 722 3250 4.
747 3222 785 3232 -
815 3184 879 3245 Cum
899 3183 921 3246 4
944 3189 1014 3250 calb.
1041 3208 1099 3246 666.
1124 3208 1241 3248 nummos
1260 3186 1304 3250 48

180 3269 271 3334 adhib.
316 3277 370 3345 (De
381 3276 434 3328 diis
445 3279 475 3329 et
485 3276 591 3329 heroib.
604 3276 761 3345 cognomine
774 3267 886 3350 σωτήρ,
903 3276 1032 3344 salvator,
1049 3277 1187 3347 insignitis
1198 3279 1246 3347 61.)

135 3352 205 3418 Phil.
226 3354 306 3418 Frid.
329 3355 506 3415 Garmann
538 3358 576 3414 de
608 3356 668 3414 Diis
692 3357 806 3415 medicis
839 3358 877 3416 ad
903 3354 1250 3421 ovid.1l1etam.1.521
1275 3364 1305 3419 et

178 3439 252 3502 Cels.
277 3442 398 3518 praefat.
440 3441 566 3504 Misenae
591 3436 681 3501 1740.
702 3435 732 3503 4.

135 3521 176 3586 Η.
201 3524 233 3588 P.
256 3525 287 3582 S.
311 3523 483 3605 (Schlosser)
510 3527 548 3585 de
568 3525 640 3583 divis
662 3523 908 3584 obstetricantibus
933 3534 962 3583 et
982 3525 1055 3584 circa
1075 3531 1187 3603 partum
1207 3542 1305 3584 recens

179 3609 286 3667 editum
310 3611 451 3687 occupatis
480 3629 515 3669 ex
541 3610 708 3685 antiquitate
733 3609 864 3668 Romana
886 3609 1020 3673 nonnihil.
1061 3608 1303 3674 arnestali.

180 3688 272 3753 1707.
294 3690 325 3755 4.
370 3699 447 3764 (1011
466 3715 533 3769 opus
555 3699 591 3751 ad
611 3698 723 3768 mythol.
744 3698 907 3767 pertinens.)

136 3775 268 3835 Gerhard
288 3773 381 3837 Adam
405 3776 597 3838 Neuhofer
628 3780 665 3838 de
696 3778 756 3837 Diis
778 3777 926 3836 salutiferis
951 3777 1029 3854 apud
1048 3780 1157 3836 veteres
1178 3776 1304 3839 Graecos

178 3868 266 3936 atque
285 3860 440 3926 Romanos.
483 3861 596 3922 Aitorfii
617 3858 709 3925 1793.
734 3857 764 3925 4.
808 3866 921 3935 (Theoi.
942 3869 1014 3917 auct.
1032 3864 1123 3934 opus.)

134 3943 170 4009 0.
193 3943 228 4007 Α.
249 3945 284 4006 Β.
308 3947 354 4005 die
385 3948 614 4024 beilbriogeuden
650 3947 761 4010 Gdtter.
810 3946 882 4007 Eine
914 3942 1137 4022 Neujahrsgabe.
1180 3946 1304 4007 Weimar

179 4023 273 4089 1803.
297 4024 327 4093 8.
350 4064 390 4077 -
414 4032 509 4092 Recio.
530 4034 559 4089 in
580 4031 703 4091 Bertuch
724 4031 842 4090 Journal
863 4033 914 4090 dos
933 4028 1032 4089 Luxus
1049 4033 1109 4090 und
1124 4029 1302 4102 derModen,

177 4107 279 4187 1803,
306 4114 415 4176 ianuar
439 4119 469 4180 S.
491 4113 512 4176 3
534 4118 575 4191 ig.
601 4123 626 4174 et
643 4120 674 4174 in
694 4116 824 4191 Bittiger
844 4116 935 4175 kleine
954 4114 1109 4185 Schristen,
1141 4112 1304 4189 gesammelt

176 4217 204 4262 v.
228 4198 284 4262 Jul.
305 4200 397 4277 Sillig,
418 4202 474 4265 Bd.
501 4201 522 4262 1.
547 4201 578 4261 S.
602 4195 644 4259 93
669 4200 710 4274 fg.
754 4204 831 4271 (061.
853 4204 924 4274 Aug.
946 4203 1098 4272 Biittigeri,
1120 4201 1237 4255 celebris
1258 4218 1303 4255 ar·

177 4277 324 4348 cbaeolngi,
342 4281 534 4354 disquisitiones
552 4279 623 4333 circa
640 4278 821 4348 Aesculapium
838 4284 901 4348 etc.)

131 4350 177 4410 Jo.
202 4352 266 4410 Alb.
288 4354 395 4414 Sebiz
421 4356 486 4416 diss.
513 4356 550 4414 de
579 4350 746 4431 Aesculapio
772 4353 918 4412 inventore
944 4351 1107 4412 medicinae.
1149 4345 1301 4427 Argentor.

174 4431 265 4498 loos.
287 4431 319 4497 4.
372 4465 375 4470 ·
