2888 4958
138 278 181 346 60
578 281 719 343 Medicina
742 284 867 361 antiqua.

139 436 233 498 aner.
254 435 394 495 Manius
418 435 632 495 commentarius
659 437 687 495 in
714 436 788 495 Celsi
812 436 828 494 l.
853 433 1049 515 711020,
1073 437 1170 497 calculi
1198 438 1309 499 vesicae

181 541 265 580 manu
291 521 422 579 demendi
442 521 578 580 rationem
599 527 730 580 tractans.
774 521 867 584 Viteb.
891 517 982 580 1600.
1009 522 1040 583 4.

138 604 225 670 Lanr.
246 605 395 665 Heister
420 607 505 684 (resp.
526 606 553 667 J.
577 605 614 666 G.
635 606 785 681 llsemann)
806 608 843 664 de
868 606 1041 666 lithotomiae
1056 607 1203 666 Celsianae
1221 625 1306 686 prae-

181 692 285 750 stantia
312 697 341 749 et
368 711 430 751 usu.
473 691 648 749 Helmestad.
675 685 766 753 1745.
789 686 817 748 4.
850 724 894 735 -
924 691 1021 756 Remo.
1048 696 1079 750 10
1107 692 1207 750 Haller
1231 692 1306 771 disp.

182 777 248 834 chir.
270 775 364 838 select.
389 775 494 834 Gallice
510 781 575 838 vert.
602 775 773 834 Sanchez.
795 774 882 833 Paris.
905 771 996 835 1751.
1018 773 1068 840 12.

139 859 233 924 Carol.
263 860 341 919 Frid.
370 861 530 918 Clossius
553 859 637 936 (resp.
662 859 708 918 Jo.
734 860 818 938 Casp.
846 861 989 936 Camerer)
1018 863 1084 919 diss.
1113 861 1215 920 sistens
1236 879 1306 918 ana-

180 945 252 1004 lecta
269 946 408 1021 quaedam
425 946 463 1002 ad
480 944 643 1004 methodum
654 943 828 1003 lithotomiae
842 945 1008 1004 Celsianam.
1031 947 1156 1022 Tubing.
1170 940 1263 1005 1792.
1275 941 1304 1004 4.

137 1030 212 1093 Dan.
234 1030 309 1093 Lud.
332 1030 495 1105 Ridiger
519 1024 627 1110 (praes.
653 1028 729 1089 Guil.
751 1029 871 1087 Godofr.
892 1030 1065 1108 Ploucquet)
1087 1032 1154 1091 diss.
1172 1030 1209 1089 de
1223 1049 1306 1108 prae·

181 1117 283 1173 stantia
304 1117 487 1192 cystotomiae
513 1113 666 1175 Celsianae.
709 1112 833 1190 Tubing.
856 1109 947 1174 1808.
969 1111 999 1179 4.

138 1200 251 1260 Sebast.
271 1200 339 1264 Ant.
355 1199 476 1259 Turclr
498 1200 534 1257 de
555 1196 690 1257 l'incision
708 1200 855 1276 pratiquee
876 1219 928 1277 par
949 1201 1031 1259 Celse
1052 1203 1122 1259 dans
1136 1199 1306 1278 l'operation

180 1285 217 1343 de
238 1284 266 1342 la
290 1285 365 1344 tuille
389 1284 457 1342 chen
478 1283 518 1342 les
539 1283 676 1356 hommes,
698 1284 765 1342 diss.
809 1285 981 1361 Strasbourg
1006 1281 1099 1346 1818.
1121 1279 1151 1344 4.

138 1367 205 1429 Car.
232 1368 297 1428 Glo.
330 1369 438 1427 Kirhn
463 1370 661 1428 commentatio
695 1369 723 1425 in
749 1367 825 1426 Celsi
850 1370 912 1429 libr.
938 1371 1001 1429 711.
1024 1390 1048 1430 0.
1069 1366 1121 1430 26.
1145 1369 1182 1427 de
1207 1368 1304 1428 calculi

178 1455 311 1526 sectione,
332 1473 429 1532 progr.
448 1453 554 1511 l—lV.
596 1448 925 1531 1100182218234.
959 1468 1029 1533 (cfr,
1044 1467 1179 1520 Palettn
1200 1466 1227 1518 in
1246 1469 1305 1519 Me.

179 1537 261 1587 morie
280 1535 339 1588 dell'
356 1536 461 1588 istituto
479 1535 587 1588 000100.
606 1535 672 1591 Ital.
692 1541 754 1586 tonr.
774 1535 795 1588 1.
812 1551 878 1601 pars
898 1536 919 1588 1.
935 1552 962 1602 p.
978 1536 1041 1589 680
1060 1555 1084 1599 .;
1108 1534 1304 1589 Bromfield

181 1605 300 1674 chirurg.
324 1605 503 1656 observatione
521 1603 576 1653 ond
594 1619 680 1666 cases,
697 1602 781 1654 Lond.
805 1602 892 1669 1773,
910 1603 1000 1673 Leipz.
1022 1553 1112 1667 17745
1148 1605 1303 1673 Delpech

181 1672 209 1725 in
228 1674 318 1724 Reone
335 1673 460 1724 medicale
478 1670 554 1736 1824,
575 1673 656 1736 Aont,
675 1688 705 1740 p.
726 1671 778 1733 81,-
815 1679 843 1724 et
859 1672 914 1728 Jos.
933 1673 998 1728 Em.
1017 1673 1112 1740 Ryba
1139 1674 1166 1725 10
1190 1676 1302 1728 Ammon

181 1742 375 1809 Monutscbrift
392 1743 444 1807 scir
460 1740 577 1792 Medicin
596 1739 673 1804 1841,
696 1741 752 1792 Vol.
769 1741 820 1794 111.
834 1746 906 1809 fasc.
923 1740 949 1808 6,
962 1760 1031 1812 pag.
1048 1741 1100 1794 585
1114 1744 1175 1812 fg.)

137 1811 200 1889 Igu.
232 1811 333 1871 Franc.
365 1814 436 1871 Xav.
470 1812 672 1870 Schoeman
708 1815 902 1872 commentatio
929 1815 966 1872 de
993 1815 1148 1873 lithotomia
1174 1812 1303 1875 Celsiania

179 1897 452 1973 critico-chirurgica.
494 1892 645 1956 Acced.2
673 1897 752 1959 tabb.
778 1898 833 1975 lap.
860 1900 912 1957 inc.
955 1899 1018 1959 Jen.
1043 1894 1135 1960 1841.
1161 1895 1191 1959 4.
1313 1926 1316 1946 ⁴

137 1981 234 2041 Herm.
260 1981 306 2042 10.
329 1983 396 2041 Chr.
418 1982 511 2041 Fridr.
540 1982 1023 2059 Brandenburg-Schaeffer
1053 1984 1091 2041 de
1118 1990 1180 2043 arte
1204 1986 1303 2045 obste-

178 2068 258 2126 tricia
281 2065 347 2128 Aul.
373 2067 458 2125 Com.
484 2066 559 2125 Celsi
581 2068 778 2126 commentatio
801 2069 1126 2129 historico-obstetricia.
1170 2071 1302 2148 Gotting.

180 2147 274 2213 1837.
296 2148 326 2212 4.
371 2158 464 2225 (Opus
478 2157 558 2226 plene
572 2164 601 2208 et
615 2157 763 2224 diligenter
777 2159 975 2226 compositum.)

137 2237 183 2299 10.
205 2238 296 2295 Henr.
321 2236 526 2313 Kromayer
548 2234 635 2313 (resp.
657 2237 703 2295 10.
728 2237 807 2296 Frid.
834 2239 960 2311 Schmid)
985 2239 1085 2296 erroris
1101 2239 1240 2298 confessio
1256 2260 1303 2300 sa-

179 2323 266 2399 pienti
287 2321 456 2378 conveniens
484 2320 522 2377 ad
544 2321 618 2379 Cels.
642 2320 718 2379 Vlll.
741 2316 771 2379 4.
814 2321 877 2380 Jen.
901 2318 993 2384 1724.
1018 2320 1049 2382 4.

135 2406 182 2464 Jo.
203 2405 292 2462 Henr.
315 2404 468 2461 Schulze
496 2405 579 2482 (resp.
602 2404 673 2462 (100.
696 2404 805 2464 Leonh.
819 2406 911 2485 Huth)
932 2407 1093 2467 exercitatio
1114 2407 1211 2485 philol.
1226 2411 1301 2471 med.

179 2488 347 2549 deensibus
369 2489 594 2548 conferventibus
616 2491 654 2547 ad
676 2489 750 2550 Cels.
773 2486 894 2552 71117.
917 2490 1017 2552 0110.
1043 2491 1145 2553 Altorf.
1159 2489 1252 2556 1727.
1270 2491 1301 2555 4.

453 2673 508 2728 BB.
562 2675 794 2730 Scribonius
821 2678 983 2749 Largus.

136 2777 202 2839 Car.
224 2778 289 2839 Glo.
311 2777 419 2840 Kihn
439 2801 537 2860 progr.
555 2787 631 2842 cont.
646 2783 674 2841 in
690 2783 866 2842 Scribonium
882 2783 1007 2861 Largum
1028 2784 1302 2847 animadversionum

178 2865 294 2924 Ottonis
315 2866 465 2944 sperlingii
486 2869 635 2946 specimen.
660 2866 738 2945 Lips.
763 2865 855 2930 1825.
876 2868 906 2928 4.
952 2873 1135 2943 (sperlingius
1150 2880 1206 2930 001.
1223 2875 1301 2943 1601,

178 2953 253 3001 mort.
272 2952 333 3013 post
349 2947 424 3000 varia
442 2949 498 3000 1010
521 2948 594 3013 1081,
613 2955 726 3016 quatuor
743 2949 804 3004 roll.
822 2967 884 3006 mss.
903 2950 1078 3003 bibliothecae
1096 2950 1241 3004 Herniensi
1258 2969 1302 3005 re-

141 3011 147 3024 “
179 3015 270 3084 liquit,
301 3031 408 3082 qnorum
427 3016 478 3069 duo
496 3016 530 3067 ad
548 3016 669 3072 Scribon.
687 3017 767 3085 Lerg.
789 3017 841 3073 dno
859 3019 892 3072 ed
910 3019 977 3076 Plin.
996 3018 1127 3075 Valerinn.
1152 3020 1302 3089 pertinente

178 3083 308 3153 specimen
325 3084 433 3140 eorund.¹
450 3085 494 3137 hic
510 3084 667 3151 exhibetur.)

448 3239 503 3294 CC.
557 3240 714 3295 Caelina
739 3240 985 3296 ,4000110000

136 3343 201 3403 Car.
223 3342 289 3402 Glo.
310 3342 418 3405 Kirhn
438 3365 535 3424 progr.
557 3347 594 3406 de
615 3347 711 3406 Caelio
732 3345 882 3407 Aureliano
907 3346 979 3405 inter
992 3345 1167 3405 methodicos
1178 3348 1302 3408 medicos

177 3429 254 3488 haud
275 3429 398 3506 ignobili.
441 3430 520 3508 Lips.
543 3428 635 3493 1816.
661 3429 691 3493 4.
717 3467 760 3478 -
790 3431 927 3491 Reddin
947 3431 1048 3508 Ejusd.
1068 3435 1301 3512 opuscoacadd.

177 3510 270 3575 1828.
292 3514 356 3575 701.
378 3515 413 3574 ll.
441 3512 534 3594 1828,
554 3538 583 3595 p.
607 3512 699 3577 1-8.

133 3632 176 3646 -
200 3633 244 3644 --
293 3619 403 3678 progrr.
432 3601 496 3677 Vll,
525 3602 723 3661 commentatio
756 3602 793 3659 de
824 3601 938 3660 medicis
963 3601 1103 3661 nonnullis
1141 3601 1246 3677 graecis
1272 3601 1302 3659 iu

177 3685 264 3743 Caelii
295 3683 435 3745 Aureliani
456 3687 493 3745 de
516 3687 620 3745 morbis
646 3688 735 3746 acutis
757 3686 779 3745 l.
803 3681 939 3746 12-17
971 3687 1188 3745 occurrentibus.
1220 3684 1302 3761 Lips.

178 3763 270 3826 1820.
293 3764 324 3828 4.
349 3804 391 3815 -
420 3771 507 3830 Redit
526 3775 557 3830 10
570 3771 681 3847 ¹lljnsd.
708 3789 822 3847 opuscc.
845 3772 945 3830 acadd.
978 3771 1051 3831 Voll.
1074 3769 1111 3830 ll.
1144 3765 1238 3829 1828.
1271 3788 1302 3846 p.

178 3846 336 3911 86-140.
381 3861 433 3927 (De
447 3861 543 3914 Diocle
557 3859 684 3930 Carystio
702 3868 731 3912 et
744 3862 905 3929 Praxagorn
920 3860 1002 3927 Coo.)

135 3968 178 3984 ·-
198 3969 241 3980 —
271 3954 380 4013 progrr.
405 3940 482 4015 XlV,
512 3943 541 4000 in
562 3940 686 3999 Caelium
708 3937 887 3999 Aurelianum
911 3947 998 3999 notae
1026 3937 1099 3998 Dan.
1126 3936 1201 3997 Guil.
1227 3935 1304 3996 Tril-

178 4019 227 4079 leri
241 4023 447 4100 manuscriptae
460 4044 523 4084 cum
537 4025 601 4084 viris
616 4025 707 4084 doctis
723 4025 969 4084 communicantur.
989 4022 1068 4098 Lips.
1082 4015 1302 4083 1817-1827.

177 4101 209 4165 4.
230 4138 273 4150 -
305 4105 392 4166 Redit
419 4112 449 4168 in
469 4109 571 4186 Ejusd.
594 4129 707 4185 opuscc.
732 4108 834 4183 acadd.
860 4108 925 4172 701.
947 4108 984 4168 Il.
1012 4102 1105 4166 1828.
1126 4126 1156 4184 p.
1185 4099 1303 4178 9—85,

178 4185 370 4260 150—5182.
414 4199 477 4266 (Ex
496 4201 546 4252 hac
567 4198 639 4251 seria
660 4203 887 4269 programmatum
902 4198 1030 4250 decimum
1045 4215 1103 4249 cum
1119 4196 1224 4249 duobus
1239 4211 1304 4265 pro·

176 4270 245 4326 xime
262 4273 429 4342 sequentibus
447 4275 530 4344 ipsius
547 4274 644 4329 Kihnii
662 4282 705 4328 est
722 4277 800 4330 etde
817 4275 960 4329 Heraclide
976 4274 1123 4327 Tarentino
1143 4272 1220 4341 agit.)

134 4340 210 4407 Dan.
241 4346 326 4406 Wilh.
349 4347 487 4407 Triller
511 4347 672 4408 exercitatio
706 4351 743 4409 de
773 4349 901 4424 pityriasi
931 4349 1039 4407 vesicae
1068 4347 1105 4404 ad
1142 4349 1305 4423 corruptum

180 4431 322 4505 quendam
342 4431 430 4492 Caelii
449 4431 590 4493 Aureliani
611 4432 704 4492 locum
730 4432 925 4492 illustrandum
950 4438 979 4494 et
1003 4431 1220 4492 emendandum.
1255 4426 1320 4488 Vi-¹
