2888 4958
198 270 259 339 106
583 278 723 343 Medicina
747 280 774 340 in
802 278 975 360 theologicis.

390 449 392 454 ¹
519 427 595 501 dd.
646 431 1046 506 Antmnttn.

195 551 270 612 Petr.
295 550 398 609 Kalm
423 549 509 630 (resp.
532 553 581 611 Er.
603 552 781 630 Gyllensten)
804 556 870 614 diss.
897 558 933 615 de
955 576 1007 614 usu
1029 575 1112 633 quem
1133 564 1261 636 praestat
1286 559 1365 618 Zon-

237 637 313 712 logia
334 635 362 692 in
383 637 597 695 Hermenentioa
621 657 708 700 sacra.
752 640 850 698 Aboac
873 635 964 704 1769.
986 636 1017 703 4.

195 721 243 780 01.
265 719 352 782 Geth.
375 723 403 780 T
410 722 547 800 ychsen
572 722 755 801 physiologus
776 726 864 801 Syrus
891 745 914 789 s,
939 725 1056 783 historia
1073 724 1231 785 animalium
1254 726 1365 785 XXXII

236 807 265 864 in
279 807 310 869 S.
323 806 354 863 S.
381 814 560 869 memorator.
591 809 696 884 syriace
720 827 736 867 e
758 810 822 872 cod.
846 809 910 868 bibl.
926 811 1055 874 Vatican.
1076 809 1211 875 Rostocb.
1229 805 1320 877 1795.
1332 809 1364 872 8.

239 886 354 954 (Textus
371 905 448 957 syrus
467 905 523 940 cum
541 905 610 945 vers.
628 889 676 946 lat.
696 897 724 941 et
740 889 844 956 illustr.)

193 961 291 1021 Herm.
319 959 417 1019 Heinr.
444 960 534 1039 Frey
563 962 758 1041 Θηροβιβλια,
790 962 906 1021 biblisch
928 956 1105 1036 'l'bierbucb3
1128 964 1363 1044 Ορνιθοβιβλια,

235 1044 305 1106 bibl.
329 1045 508 1122 Vogelbuch3
536 1047 751 1125 Ιχθυοβιβλια,
786 1047 852 1111 bibl.
873 1047 1040 1110 Fischbuclr.
1092 1045 1306 1129 1313311594.
1331 1045 1363 1108 4.

236 1127 317 1190 (Tres
334 1136 424 1197 partes
441 1143 498 1179 curn
515 1127 579 1194 ligg.
596 1126 668 1196 ligno
685 1126 774 1181 incisis
791 1128 898 1182 seorsim
916 1129 1044 1197 venales.)

194 1202 272 1262 Sam.
301 1199 464 1259 Bochart
491 1200 669 1259 hierozoicon
697 1203 755 1259 sive
783 1200 943 1280 bipartitum
970 1222 1042 1281 opus
1069 1203 1105 1262 de
1132 1201 1299 1260 animalibus
1327 1203 1360 1264 S.

236 1285 406 1364 Scripturas.
460 1284 529 1343 Pars
560 1286 642 1363 prior·
662 1287 722 1363 agit
749 1286 786 1344 de
806 1287 969 1345 animalibus
996 1289 1025 1345 in
1047 1305 1151 1364 genere
1175 1287 1262 1346 etde
1289 1304 1362 1363 qua·

237 1371 410 1449 drupedibus
432 1369 561 1448 viviparis
582 1376 610 1428 et
630 1371 761 1450 oviparis.
783 1369 814 1430 P.
835 1372 975 1449 posterior
991 1373 1029 1430 de
1043 1373 1127 1446 avib,
1154 1376 1288 1450 serpent,
1317 1373 1362 1430 iu-

236 1457 329 1532 sectis,
361 1456 497 1531 aquaticis
522 1460 551 1513 et
572 1454 708 1513 fabulosis
729 1455 867 1514 animalib.
923 1455 1017 1520 Lond.
1043 1451 1136 1520 1663.
1164 1456 1186 1517 t.
1227 1455 1362 1520 Francos.

236 1535 330 1600 1675.
352 1543 373 1599 f.
403 1540 489 1618 (Cum
514 1540 574 1598 aliis
600 1559 667 1618 opp.
692 1540 744 1599 B.:
773 1538 869 1616 Lugd.
896 1541 961 1600 Bat.
990 1537 1081 1605 1692.
1107 1543 1127 1600 s.
1149 1542 1186 1600 ib.
1210 1536 1304 1601 1712.
1326 1543 1360 1612 f.)

235 1625 350 1687 Hieroz.
370 1625 507 1688 recensuit
528 1623 584 1682 suis
603 1625 678 1683 notis
692 1624 807 1701 adjectis
830 1625 897 1683 Em.
915 1625 993 1687 Frid.
1010 1626 1074 1690 Car.
1096 1625 1361 1685 Rosenmirller.

235 1709 312 1789 Lips.
338 1704 430 1769 1793.
451 1727 494 1784 sq.
519 1705 549 1769 4.
574 1707 646 1767 Voll.
668 1709 716 1769 lll.
739 1714 829 1784 (Opus
841 1715 947 1784 plenum
965 1724 994 1767 ct
1011 1715 1251 1782 eruditissimum.)
1272 1754 1274 1758 ι

192 1796 238 1859 13.
264 1795 353 1855 Henr.
381 1792 498 1869 ltlajus
525 1792 683 1852 animalium
708 1796 737 1852 in
764 1813 843 1854 sacro
876 1797 972 1856 codice
997 1803 1214 1856 memoratomm
1236 1796 1362 1855 historia.

234 1879 366 1943 Francos.
392 1884 422 1937 et
446 1878 547 1958 Spirae
569 1873 690 1954 (1685.)
706 1874 736 1944 8.

192 1966 238 2025 13.
264 1964 396 2023 Steucb
418 1963 503 2042 (resp,
525 1963 570 2021 13.
592 1962 749 2035 Palmroot)
771 1963 948 2024 hierozoicon
970 1985 992 2030 s.
1014 1965 1106 2024 brevis
1117 1965 1267 2025 delineatio
1278 1984 1362 2046 pmc-

235 2051 379 2129 cipuorum
401 2047 558 2107 animalium
579 2047 752 2107 biblicorum.
796 2049 895 2127 Upsal.
918 2045 1012 2110 1718.
1034 2045 1064 2114 8.

192 2136 270 2196 Frid.
291 2135 351 2194 Jac.
373 2135 538 2193 Schodcr
558 2132 707 2195 hierozoici
724 2154 758 2194 ex
779 2135 809 2192 S.
825 2135 977 2210 Bochart0‚
1005 2136 1149 2195 itinerariis
1174 2134 1360 2203 33311331ἰὶ3-

234 2238 291 2298 que
312 2218 515 2279 commentariis
537 2220 684 2295 compositi
703 2220 815 2298 specim.
832 2218 937 2280 l-lll.
961 2213 1359 2297 Τ31133.1784-1786.8.

192 2308 225 2370 C.
257 2304 451 2379 Thunberg
487 2300 664 2379 Assrandling
690 2323 736 2361 om
765 2304 802 2362 de
834 2305 916 2380 djnr,
956 2323 1016 2365 som
1043 2307 1052 2363 i
1082 2303 1197 2364 Bibelen
1229 2303 1359 2366 omtalas.

233 2388 332 2468 Upsal.
362 2383 454 2449 1826.
476 2386 506 2448 4.
530 2391 637 2459 (Plures
658 2400 751 2463 partes
772 2393 822 2445 sub
837 2393 922 2447 variis
935 2393 1186 2465 respondentibus.)

191 2475 313 2535 Godofr.
334 2471 466 2530 Miiller
488 2474 657 2552 Θηρολογια
679 2473 778 2532 biblica
799 2476 944 2534 continens
960 2477 1175 2554 quadrupedum
1186 2474 1359 2534 terrestrium

232 2560 262 2618 in
283 2557 368 2617 sacris
386 2556 472 2616 literis
493 2562 650 2618 contentos.
672 2558 894 2638 explicationem.
936 2559 1028 2619 Viteb.
1059 2556 1150 2623 1676.
1175 2555 1205 2618 8.

190 2645 295 2706 Selom.
317 2661 382 2700 van
403 2641 462 2702 Til
486 2642 616 2719 zoologia
642 2663 666 2702 s.
693 2645 907 2704 commentarius
932 2643 1298 2705 historico-emblematicus
1320 2645 1359 2702 de

231 2727 395 2790 animalibus
446 2728 676 2806 quadrupedibus
707 2730 735 2788 in
767 2729 797 2792 S.
826 2730 971 2809 Scriptura
1002 2730 1169 2809 memoratis.
1218 2727 1359 2789 Dordraci

233 2810 327 2877 1714.
346 2806 377 2875 4.
398 2811 510 2871 Accedit
533 2813 571 2871 ad
592 2813 692 2890 Ejusd.
714 2814 883 2874 tabemacul.
906 2815 992 2872 Musis
1014 2835 1080 2894 pag.
1102 2811 1173 2876 139.
1195 2833 1240 2890 sq.

117 2876 121 2888 .
188 2901 301 2964 Theod.
322 2897 486 2956 Hasaens
507 2898 544 2957 de
568 2896 717 2957 Liviathan
741 2898 807 2957 Jobi
829 2909 859 2959 et
879 2899 950 2959 Ceto
971 2901 1070 2960 lonae.
1113 2902 1207 2959 Brem.
1217 2893 1314 2962 1723.
1324 2894 1357 2962 8.

232 2981 306 3044 (11113
323 2979 383 3032 vide
401 2980 450 3032 sub
465 2977 531 3030 libro
548 2977 599 3032 Job
618 2986 646 3032 et
662 2979 757 3049 proph.
773 2979 865 3049 1333.)

187 3054 278 3117 Andr.
299 3050 431 3110 Norrel
450 3050 570 3108 diatriba
594 3052 632 3109 de
652 3052 751 3110 avibus
780 3071 830 3112 esu
854 3053 943 3112 licitis.
987 3052 1087 3132 Upsal.
1109 3046 1203 3114 1746.
1227 3045 1258 3111 4.

187 3139 234 3201 13.
255 3136 321 3194 Chr.
344 3134 585 3194 Hebenstreit
600 3136 683 3214 (resp.
705 3135 750 3195 13.
772 3136 870 3197 Erdm.
894 3138 1002 3213 Valter)
1032 3139 1098 3197 diss.
1119 3137 1231 3213 aquilae
1255 3141 1357 3194 natum

231 3219 354 3280 esacris
375 3217 473 3277 litteris
494 3225 524 3277 et
550 3219 603 3279 hae
630 3221 748 3280 vicissim
776 3242 811 3282 ex
836 3223 953 3283 historia
974 3222 1093 3283 naturali
1117 3229 1146 3282 et
1167 3221 1356 3313 monumentis

228 3311 354 3366 veterum
375 3302 535 3363 illustratae.
578 3303 656 3384 Lips.
680 3301 772 3369 1747.
793 3304 824 3369 4.

186 3393 233 3454 13.
254 3389 555 3451 Bustamantinus
575 3390 636 3465 (13.
655 3392 691 3450 de
707 3391 906 3469 Bustamante)
918 3393 955 3450 de
965 3391 1110 3471 reptilibus
1124 3389 1356 3449 3333331333ὶί-

228 3474 557 3552 busScripturaeSacrae
569 3474 660 3540 vni.
670 3476 703 3535 n.
715 3478 858 3556 compluti
868 3457 1355 3552 1591.(1595.)4.unguimus,

186 3563 276 3623 Olans
300 3558 471 3621 Rudbeck
492 3560 575 3637 (jun.)
595 3561 787 3640 ichthyologia
807 3562 914 3625 biblica.
958 3561 1058 3640 Upsal.
1078 3554 1312 3622 1705-1722.
1322 3555 1355 3619 4.

185 3648 297 3726 Eugen.
324 3646 368 3704 13.
394 3643 485 3723 Cbpb.
510 3646 626 3724 Esper
649 3666 746 3725 progr.
770 3649 806 3707 de
828 3647 992 3706 animalibus
1013 3647 1135 3725 oviparis
1157 3648 1187 3703 et
1206 3642 1284 3701 33313
1303 3644 1355 3701 fri-

228 3734 297 3809 gida
317 3730 450 3810 praeditis
472 3731 500 3789 in
522 3730 700 3808 cataclysmo,
722 3751 806 3809 quem
828 3733 914 3791 subiit
935 3733 1011 3791 orbis
1038 3739 1188 3802 terrarum,
1211 3727 1356 3807 plerisque
1370 3777 1387 3794 ,

227 3818 318 3875 salvis.
361 3813 477 3890 Erlang.
502 3809 592 3876 1783.
613 3812 643 3874 4.

184 3901 324 3963 131338
332 3899 467 3959 cheuch
475 3918 533 3958 zer
543 3901 675 3979 physicae
687 3918 783 3961 sacrae
794 3901 934 3981 specimen
943 3901 980 3961 de
989 3901 1113 3965 locustis.
1124 3892 1353 3962 Tmolitae

405 4100 451 4168 c.
508 4085 929 4172 Testamentum
961 4089 1134 4170 ectus.

564 4240 638 4294 33.
684 4222 973 4295 Generatim.

183 4346 249 4409 chr.
273 4345 381 4406 Tobiae
401 4343 535 4425 Ephraim
561 4344 742 4405 Reinbard
765 4345 1046 4418 Ribelkranhheiten,
1075 4343 1181 4404 welche
1205 4345 1243 4403 im
1278 4343 1355 4401 alten

225 4429 409 4492 Testamente
434 4430 625 4494 vorkommen.
675 4428 766 4490 Nebst
794 4428 933 4508 Angustin
954 4430 1136 4490 Kalmet's
1163 4428 1357 4504 Abhandlung
