2888 4958
136 304 197 370 1112
581 303 721 362 Medicina
753 302 856 362 clinica.

182 459 317 536 siologiae
343 459 452 536 priscae
478 458 505 515 iu
534 457 668 514 doctrinis
700 454 886 534 pathologicis
914 455 1060 530 dignitate.
1115 453 1251 513 Francos.
1273 455 1314 512 ad

179 546 277 607 Viudr.
306 539 396 606 1805.
424 540 454 604 8.
488 547 583 613 (Circa
597 549 721 599 humores
735 545 887 598 cardinales
907 552 936 596 et
949 553 1164 614 temperamenta
1181 545 1212 596 in
1229 546 1312 597 scho-

139 626 212 759 Geldl
229 626 409 757 vdddlmdhr.
431 695 550 753 Fuchs
572 696 768 753 commentatio
798 694 1064 753 historico-medica
1086 694 1189 751 sistens
1220 711 1311 770 qnae-

181 785 246 840 dam
289 784 325 840 de
368 782 496 839 doctriua
536 788 614 839 atrae
648 781 710 838 hilis
753 799 787 838 ex
829 781 1004 838 monimentis
1050 785 1177 838 retermn
1218 785 1310 838 eruta

180 868 269 925 Jenae
292 861 385 926 1783.
410 859 440 926 4.

140 952 220 1012 Emit.
236 953 301 1014 Car.
318 950 391 1026 Aug.
409 949 514 1006 Ki'rhn
533 949 600 1006 diss.
620 949 714 1024 inaug.
733 948 867 1005 exhibens
884 949 986 1006 eriseos
1002 949 1147 1008 notionem
1166 966 1201 1006 ex
1216 951 1311 1005 mente

182 1044 305 1095 veterum
330 1055 362 1092 ac
385 1035 575 1092 recentiorum.
610 1032 698 1091 Jenae
720 1028 810 1091 1804.
838 1029 867 1090 4.

140 1122 205 1184 Alb.
231 1140 297 1179 vau
320 1120 447 1177 Calcat
479 1119 621 1195 responsio
644 1119 681 1174 ad
709 1119 901 1192 quaestionem
922 1118 959 1175 ab
988 1118 1086 1175 ordine
1111 1118 1221 1175 medico
1240 1135 1307 1194 pro·

182 1208 315 1284 positam:
343 1204 528 1281 Cornparetur
553 1210 677 1260 veterum
703 1204 829 1260 doctrina
851 1223 913 1260 cum
935 1203 1120 1260 recentiorum
1141 1203 1251 1259 theoria
1272 1201 1309 1257 dc

182 1294 235 1349 ista
255 1290 413 1362 affectione,
439 1308 512 1363 quae
533 1294 649 1345 vocatur
673 1288 839 1346 metastasis.
892 1288 1034 1345 ludicetur
1060 1287 1141 1361 dein,
1169 1304 1311 1360 quaenam

182 1395 216 1434 er
239 1375 425 1452 opinionibus,
447 1393 518 1448 quas
543 1373 711 1430 recentiores
736 1371 835 1428 ‹lehac
858 1391 888 1429 re
902 1372 1089 1449 protulerunt,
1111 1372 1310 1447 maximepro-

182 1460 281 1518 babilis
301 1459 444 1520 videaturt
472 1457 553 1524 Quae
577 1457 730 1534 praemium
753 1459 912 1532 reportavit.
956 1456 1051 1530 Lugd.
1069 1457 1133 1516 Bat.
1154 1451 1259 1529 (182..)
1275 1450 1308 1515 8.

140 1544 203 1608 Nic.
226 1544 449 1601 Guarraoino
471 1542 570 1617 saggio
597 1542 639 1598 sui
661 1542 803 1618 progressi
823 1542 896 1598 della
914 1541 1049 1617 sfigmica.
1093 1539 1199 1618 Napoli
1215 1534 1307 1600 1836.

140 1631 194 1692 lul,
220 1629 406 1686 Hosrnann
433 1629 497 1684 diss.
520 1629 615 1700 inaug.
638 1627 675 1682 de
696 1627 840 1683 limitanda
865 1626 947 1684 laude
969 1626 1189 1684 auscultationis.
1220 1624 1308 1682 Prae-

183 1716 266 1771 missa
290 1719 333 1770 est
355 1712 444 1769 brevis
465 1711 546 1768 huius
573 1711 640 1766 artis
662 1711 786 1770 historia.
830 1709 908 1788 Lips,
932 1706 1022 1772 1836.
1044 1706 1073 1769 8.
1162 1783 1165 1786 Α

139 1799 173 1859 C.
197 1799 232 1860 F.
254 1797 291 1858 11.
317 1796 414 1853 Marx
441 1796 563 1871 origines
584 1795 715 1870 contagii.
751 1795 901 1854 Carlsruhe
924 1803 954 1855 et
974 1796 1071 1855 Baden
1099 1787 1310 1858 182184

183 1881 304 1957 Ejusd.
327 1879 528 1938 Additamento
548 1880 585 1936 ad
607 1881 727 1954 origines
750 1881 879 1956 contagii.
905 1881 976 1940 lbid.
1001 1875 1093 1943 1826.
1115 1875 1203 1938 8.-
1225 1879 1308 1936 Uter:

183 1987 231 2045 qua
256 1967 323 2023 liber
347 1967 392 2022 sab
413 1985 479 2022 nouo
504 1971 529 2022 et
550 1967 679 2022 commoni
692 1965 789 2022 tilido:
812 1965 942 2042 Origines
960 1966 1081 2040 contagii
1104 1985 1166 2022 cum
1192 1965 1308 2022 addita·

181 2052 288 2111 menllS.
324 2049 393 2111 lllltl.
417 2044 559 2111 19818.
593 2062 628 2128 (Ε
641 2061 706 2114 locis
716 2071 830 2114 veterum
843 2061 949 2130 copiose
961 2062 1081 2114 adductis
1099 2063 1224 2127 efficitur,
1243 2080 1307 2115 con-

182 2132 248 2200 tagii
267 2130 441 2199 cognitionem
460 2149 504 2183 eos
524 2147 585 2182 rere
604 2132 744 2198 habuisse3
769 2132 884 2184 additum
902 2138 943 2184 est
968 2132 1122 2200 glossarium
1145 2149 1239 2185 vocum
1257 2133 1308 2183 huc

182 2202 362 2270 pertinentium
381 2209 407 2251 ct
425 2199 584 2266 literatura.)

138 2273 275 2331 Alexand.
302 2272 326 2328 F
334 2273 469 2329 errario
493 2273 559 2330 diss.
586 2272 681 2346 inaug.
706 2272 742 2329 de
771 2279 894 2329 veterum
916 2273 1074 2348 ignorantia
1100 2274 1172 2332 circa
1199 2272 1307 2331 doctri-

180 2376 244 2414 nam
266 2356 386 2430 contagii
411 2355 439 2410 iu
462 2357 563 2412 morbis
589 2357 758 2432 epidemicis.
790 2357 881 2415 Ticini
906 2352 998 2417 1826.
1022 2351 1054 2417 8.

137 2441 223 2499 Gerh.
241 2439 391 2582 Geblle7r8
404 2440 470 2581 dissi
493 2441 672 2515 migrationes
695 2441 876 2500 celebriorum
892 2443 1053 2502 morborum
1068 2441 1305 2518 contagiosomm.

179 2525 307 2598 Gotting.
393 2520 421 2581 0.
471 2568 477 2580 .

136 2610 202 2669 Car.
225 2608 339 2666 Gtthelf
357 2609 468 2666 Gr'ase
490 2609 554 2666 diss.
578 2610 670 2685 inaug.
697 2610 828 2668 exhibens
849 2611 961 2669 brevem
983 2611 1159 2686 quarundam
1176 2615 1304 2668 veterum

178 2701 206 2753 et
227 2695 410 2751 recentiorum
434 2695 469 2751 de
490 2695 597 2769 origiue
619 2697 826 2754 constitutionis
848 2696 1018 2774 epidemicae
1042 2695 1205 2773 opinionum
1226 2714 1303 2753 com-

176 2780 357 2858 parationem.
393 2779 456 2840 len.
480 2774 570 2839 1827.
594 2775 623 2836 4.

134 2864 269 2942 Rudolph
292 2864 446 2940 Wagner
471 2865 517 2922 die
546 2863 825 2940 weltgeschichtliche
850 2863 1063 2939 Entwielrelung
1092 2865 1143 2921 der
1168 2863 1303 2941 epidemi-

176 2949 261 3007 schen
291 2951 348 3006 und
370 2950 553 3023 contagiiisen
573 2948 764 3006 Kranlrheiten
787 2950 844 3006 und
868 2951 913 3007 die
935 2949 1057 3008 Gesetze
1081 2949 1154 3007 ihrer
1171 2948 1304 3008 Verhrei·

176 3041 255 3107 tung.
298 3033 396 3106 lnaug.
416 3030 559 3092 Ahhandl.
592 3031 754 3109 Wiirzburg
777 3028 866 3096 1826.
890 3030 919 3095 8.

134 3116 179 3178 Jo.
202 3116 286 3191 Casp,
310 3116 453 3172 Menzer
478 3117 514 3172 de
535 3116 638 3173 morbis
662 3118 820 3194 epidemicis
841 3118 972 3194 antiquis.
997 3117 1081 3179 Basil.
1105 3110 1196 3176 1704.
1216 3113 1249 3176 4.

134 3199 179 3259 Jo.
202 3196 236 3260 A.
258 3198 292 3255 F.
319 3199 475 3256 Ozanam
495 3200 608 3258 histoire
629 3202 764 3260 medicale
785 3202 919 3278 gene'rale
940 3209 968 3260 et
985 3201 1161 3280 particuliere
1173 3203 1224 3260 des
1240 3220 1302 3260 ma·

177 3282 263 3340 ladies
285 3283 496 3359 epidemiques,
515 3285 712 3360 contagieuses
734 3293 763 3344 et
779 3287 990 3365 epizootiqnes,
1013 3287 1061 3362 qui
1083 3292 1135 3345 ont
1155 3287 1248 3362 τέςιιέ
1266 3305 1303 3344 en

177 3369 292 3446 Europe
313 3369 412 3445 depuis
432 3368 473 3426 les
500 3376 572 3427 tems
595 3370 635 3428 les
662 3371 725 3448 plus
752 3373 873 3442 recoles,
906 3378 934 3430 et
956 3377 1130 3430 notamment
1155 3373 1255 3450 depuis
1278 3372 1304 3430 le

176 3453 252 3512 xlv.
276 3453 357 3511 siecle
376 3454 469 3529 jusqu’
496 3454 585 3512 rinos
608 3454 695 3530 jours.
717 3455 790 3514 Voll.
802 3453 831 3518 5.
846 3456 926 3515 Paris
936 3461 964 3514 et
975 3455 1058 3533 Lyon
1080 3450 1301 3516 lali-1823.

178 3534 208 3598 8.
232 3536 332 3597 Editio
353 3539 454 3596 altero:
483 3539 554 3599 lbid.
582 3535 673 3600 1835.
700 3536 729 3599 8.
755 3573 799 3584 -
825 3540 951 3599 Genaua.
975 3547 1041 3604 vert.
1067 3547 1092 3598 et
1112 3541 1302 3598 additamento

177 3623 252 3682 dedit
273 3624 360 3682 Henr.
386 3624 577 3685 Brandeis.
602 3620 701 3687 1Βά.
728 3625 872 3702 stuttgart
894 3621 985 3685 1820.
1013 3621 1042 3684 8.
1087 3627 1216 3686 Varianis
1237 3646 1301 3682 corr-

177 3712 291 3766 tinoatr'o
320 3729 372 3766 non
392 3709 505 3784 prodiit.
528 3713 674 3780 (Ordinem
689 3717 841 3768 morborum
859 3724 888 3767 et
906 3724 1056 3783 temporum
1073 3714 1234 3782 conjunctim
1255 3732 1300 3766 se-

178 3789 280 3855 quitur3
300 3808 314 3841 e
333 3790 407 3841 bonis
426 3791 541 3842 lontibus
559 3806 609 3841 non
627 3792 691 3844 satis
709 3800 833 3845 accurate
849 3791 956 3860 hausit.)

134 3857 242 3921 Friedr.
271 3862 477 3920 Schnurrer
504 3863 629 3920 Chronik
658 3864 708 3920 der
733 3865 862 3924 Seuchen
894 3867 922 3925 iu
950 3864 1136 3940 Verbindung
1166 3863 1218 3921 mit
1246 3863 1301 3921 den

176 3943 387 4020 gleichzeitigen
412 3946 585 4022 Vorgiingen
606 3948 634 4004 in
660 3949 711 4006 der
734 3950 900 4027 physischen
923 3949 999 4008 Wclt
1025 3951 1084 4006 und
1111 3950 1138 4007 iu
1169 3949 1220 4006 der
1245 3948 1301 4006 Ge·

177 4029 298 4087 schichte
326 4032 375 4088 der
407 4029 568 4095 Menschen,
608 4031 719 4106 (Elium
751 4037 796 4092 sab
825 4035 917 4093 tilulo:
957 4034 1012 4094 Die
1034 4033 1228 4091 Krankheiten
1251 4033 1299 4090 des

176 4114 520 4190 Menschengeschlechtes
536 4117 682 4176 historisdr
708 4121 765 4177 und
786 4119 992 4196 geographisch
1014 4119 1188 4188 hetracbtet;
1214 4118 1301 4176 histo-

178 4199 267 4258 rische
288 4199 482 4276 Abtheilung.)
504 4197 524 4259 2
544 4203 615 4260 Bde.
653 4197 1159 4280 Thbingen1823-1825.8.-
1173 4201 1218 4260 De
1239 4221 1301 4278 geo-

178 4285 313 4362 graphico
333 4291 414 4360 purte
436 4290 522 4362 operis
546 4288 587 4344 nil
604 4288 711 4363 prodiit
730 4296 841 4365 praeter
860 4309 974 4366 mappas
995 4293 1048 4345 tres
1064 4289 1218 4346 morborum
1239 4306 1301 4363 geo-

178 4371 341 4445 graphicas:
374 4369 524 4446 Tiibingen
548 4367 746 4435 18811830.
779 4374 919 4432 Miinchen
944 4368 1035 4431 1831.
1076 4384 1217 4452 (Ordinem
1233 4392 1299 4437 tem-

179 4464 270 4516 porum
292 4455 395 4512 serrat,
420 4449 446 4502 in
471 4451 578 4520 singulis
602 4469 681 4520 saepe
705 4454 780 4507 deest
804 4455 895 4508 critice
919 4453 1044 4508 historica
1067 4460 1093 4506 et
1117 4453 1232 4508 lontium
1255 4468 1299 4504 ac·
