2888 4958
581 320 722 380 Medicina
743 323 864 401 publica.
1249 333 1313 398 209

134 472 329 621 Εῐῗὲῐὲἓάἵ.
346 474 422 534 Guil.
444 471 562 534 Nebel
584 493 679 553 progr.
701 475 799 537 medici
821 479 898 539 unde
918 481 1048 541 dicantur
1070 487 1196 560 gratiosi.
1218 489 1311 554 Giess.

137 647 199 728 (Jo.
225 609 289 709 Car.
313 606 388 703 duit.
409 642 600 724 Moehsen)
633 643 839 705 Commentatio
865 648 955 725 prima
981 651 1018 709 de
1044 654 1158 712 medicis
1187 661 1311 733 equestri

183 733 321 809 dignitate
347 730 461 792 omatis.
504 728 660 787 Praemissa
681 735 725 787 est
747 732 902 792 dissertatio
924 736 961 793 de
982 756 1048 794 vera
1069 738 1200 799 felicitate
1215 762 1231 801 e
1248 751 1309 801 stu-

183 820 232 877 dio
254 824 283 876 et
304 815 435 874 exercitio
462 815 530 871 artis
551 816 675 873 medicae
700 817 851 893 capienda,
876 819 1045 899 philosopho
1066 843 1157 899 aeque
1181 846 1215 885 ac
1236 828 1309 886 chri-

181 905 275 962 niano
305 902 402 975 digna.
445 899 537 957 Berol
569 898 709 972 (Norimb.
738 895 844 982 1768.)
870 900 899 962 4.
934 909 987 976 (td
1008 912 1129 966 ordinum
1144 918 1308 986 equestrium

183 983 262 1040 madii
278 982 340 1036 aeri
356 979 517 1050 sliuunque
534 982 661 1050 ejusmodi
677 979 844 1036 sodalitatum
862 984 1016 1056 historiam.)

440 1155 530 1240 hh.
580 1156 746 1259 Apud
780 1163 1010 1246 ueteres.

140 1333 291 1411 Polycarp.
316 1328 352 1392 F.
378 1327 563 1386 Schaeher
584 1327 688 1406 (praes.
711 1329 804 1408 Chph.
828 1330 914 1408 Woll)
937 1335 1004 1397 diss.
1026 1335 1090 1398 hist.
1112 1339 1171 1401 crit.
1198 1340 1235 1397 de
1255 1340 1307 1399 ho-

184 1418 300 1477 noribus
323 1415 494 1473 medicorum
519 1415 596 1491 apud
618 1421 735 1472 veteres.
764 1415 843 1494 Lips.
866 1412 958 1478 1732.
983 1417 1013 1482 4.
1040 1426 1119 1492 (Sch.
1141 1431 1233 1497 opus.)

143 1504 222 1562 Gius.
256 1499 464 1559 Benvenuti
502 1498 575 1556 della
609 1500 774 1559 condizione
802 1501 846 1558 de’
874 1504 971 1562 medici
1002 1524 1100 1584 presso
1129 1509 1168 1584 gli
1197 1510 1307 1573 antichi.

182 1587 306 1662 Perugia
330 1578 423 1646 1779.
445 1577 559 1659 (1780.)
584 1579 614 1642 4.

143 1673 209 1734 Car.
236 1670 471 1731 Dreliucourt
491 1668 623 1745 apologia
644 1669 761 1742 medica,
787 1689 844 1745 qua
860 1670 1005 1749 depellitur
1023 1672 1069 1730 illa
1087 1675 1232 1747 calumnia,
1252 1698 1310 1736 me-

185 1758 264 1816 dicos
285 1755 422 1813 sexcentis
432 1754 511 1811 anuis
526 1753 619 1810 Roma
633 1753 766 1812 exulasse.
787 1753 953 1830 Lugdssat.
964 1758 1057 1832 (nonis
1068 1759 1139 1837 Jul.)
1155 1757 1309 1825 1671.12.

184 1841 285 1900 Editio
308 1840 396 1898 altera
416 1840 450 1896 ab
471 1843 578 1896 auctore
601 1843 709 1896 curata:
733 1839 769 1899 L.
787 1840 821 1901 B.
849 1835 941 1901 1672.
967 1837 1017 1903 12.

146 1929 204 2008 (Jo.
227 1926 305 1985 Frid.
331 1923 604 1982 Boeckelmann
626 1923 699 1998 lCt.)
720 1923 848 1982 Medicus
870 1926 1017 1983 Romanus
1044 1947 1140 1987 servus
1165 1933 1311 2006 sexaginta

186 2012 282 2071 solidis
308 2010 478 2074 aestimatus,
500 2009 558 2066 sive
578 2015 713 2066 tractatus
735 2009 772 2066 de
795 2016 919 2067 veterum
945 2012 1116 2070 medicorum
1141 2017 1310 2090 nominibus,

186 2095 377 2157 functionibus
405 2100 434 2152 et
460 2093 505 2150 vili
532 2093 693 2152 conditione
715 2112 828 2170 prorsus
857 2095 945 2152 aliena
973 2096 1009 2152 ab
1031 2103 1090 2153 arte
1112 2104 1244 2174 statuque
1266 2121 1310 2159 re-

187 2181 318 2242 centioris
344 2179 404 2237 aevi
433 2179 603 2236 medicorum
629 2178 852 2236 doctissimorum
883 2179 1151 2257 clarissimorumque
1178 2186 1309 2249 virorum.

186 2266 282 2343 Lugd.
308 2266 372 2322 Bat.
400 2258 491 2324 1671.
518 2259 581 2334 12.;
604 2263 671 2325 ibid.
695 2257 786 2323 1681.
810 2259 871 2338 (12.
890 2264 954 2325 Kal.
973 2264 1117 2341 Februar.)
1141 2263 1207 2341 12.;
1231 2268 1310 2348 Lips.

189 2346 281 2411 1741.
304 2345 333 2408 8.
359 2368 422 2407 eum
442 2347 550 2423 Jugleri
572 2349 638 2410 diss.
661 2349 698 2405 de
721 2349 923 2407 nundinatione
945 2368 1095 2414 servorum.
1123 2387 1166 2396 —
1203 2353 1312 2420 Quarta

187 2438 326 2515 impressio
351 2454 422 2491 anno
449 2427 532 2493 1746
558 2432 639 2510 fucta
666 2439 704 2490 est
730 2453 795 2491 curu
825 2432 913 2491 Mica.
946 2434 1004 2495 Gli.
1032 2437 1244 2512 Agrrethler,
1269 2461 1312 2498 re-

189 2523 251 2581 cudi
280 2522 350 2579 enim
363 2518 432 2596 fecit
452 2520 570 2595 primam
588 2518 728 2575 editionem
759 2522 827 2575 anui
851 2514 932 2579 1671
958 2522 1004 2578 sub
1025 2521 1089 2578 dato
1111 2528 1136 2579 et
1157 2524 1213 2581 loco
1238 2529 1311 2583 unti—
1356 2526 1359 2535 '

189 2628 240 2688 quo
260 2608 375 2683 „paucis
395 2604 521 2680 exemplis
543 2606 573 2661 ire
595 2621 670 2660 uuum
691 2605 825 2660 societatis
849 2624 916 2681 quae
941 2607 1073 2681 impensus
1094 2608 1240 2680 contulit“;
1264 2630 1312 2666 ru-

189 2712 249 2751 rum
270 2692 342 2749 harre
369 2691 563 2766 impressiones
586 2689 622 2746 ab
645 2687 777 2762 onginuli
804 2688 918 2745 editione
934 2709 1039 2746 numero
1058 2695 1224 2767 paginarum
1248 2694 1312 2770 dig-

187 2797 286 2846 nosces,
309 2793 372 2832 cum
397 2792 468 2830 noua
494 2776 630 2851 impressio
650 2768 708 2846 46,
735 2778 808 2830 uetur
833 2767 874 2830 55
898 2777 1018 2849 paginus
1044 2776 1151 2834 habeut.
1195 2782 1313 2850 (Contra

189 2864 437 2931 Drelincourtium.)

147 2948 272 3028 Lepidus
295 2945 405 3003 Pacis
408 2946 484 3001 icus
509 2941 770 3019 (Saxoferratensis)
785 2941 930 3018 responsio
950 2943 987 2999 ad
1009 2942 1156 3019 epistolam
1175 2944 1313 3024 bibliopo-

188 3035 232 3093 lae
252 3031 399 3091 Leidensis
430 3028 626 3105 graeco-latini
650 3029 686 3084 de
707 3026 798 3087 exilio,
813 3027 982 3085 medicorum
1008 3028 1201 3087 Romanorum
1222 3038 1251 3089 et
1276 3032 1313 3090 de

187 3117 317 3178 absurdis
338 3113 435 3174 libellis
455 3112 693 3183 Drelincurtianis,
716 3113 816 3187 quihus
844 3110 935 3169 honor
960 3113 1059 3170 nimius
1089 3115 1211 3190 antiquis
1235 3135 1314 3176 asse-

188 3205 259 3263 ritur
280 3198 468 3275 medioastn's,
500 3198 640 3256 clarissimi
667 3205 759 3254 autem
788 3198 887 3254 medici
913 3198 1022 3274 ipsique
1046 3200 1216 3258 medicorum
1238 3203 1315 3280 priu-

188 3291 264 3367 cipes
286 3285 448 3364 praesertim
474 3284 574 3342 Batavi
601 3282 725 3340 maximis
746 3281 852 3356 injuriis
876 3288 963 3358 atque
994 3279 1166 3343 contuineliis
1187 3287 1315 3344 alliciun-

187 3381 244 3433 tur.
269 3370 365 3446 Lugd.
379 3364 611 3428 Bat.1681.12.
639 3371 713 3440 (ICti
726 3371 834 3424 videtur
852 3373 1063 3442 essescriptum‚
1078 3374 1170 3426 forsan
1180 3376 1314 3429 Boeckel-

187 3471 301 3510 mannrr
321 3468 381 3505 uus.

149 3526 235 3588 Andr.
257 3471 369 3584 Otlom.
382 3453 572 3582 >Goeliclre
596 3521 716 3600 epistola
744 3520 857 3596 gratul,
878 3523 906 3578 in
927 3540 982 3596 qua
1005 3539 1151 3579 commune
1175 3525 1314 3580 refutatur

186 3610 390 3694 praejudicium
412 3609 535 3667 medicos
557 3626 653 3666 omnes
676 3607 784 3664 Romae
801 3606 865 3664 olim
881 3606 1005 3682 abjectae
1021 3607 1187 3664 conditionis
1207 3614 1236 3666 et
1255 3626 1313 3665 ser-

188 3717 241 3758 vos
263 3696 359 3758 fuisse.
383 3693 460 3772 Lips.
485 3687 621 3771 (17051)
643 3685 734 3753 1708.
757 3686 786 3753 4.
1140 3740 1141 3744 ,

150 3783 219 3844 Geo.
241 3781 354 3840 Ludor.
376 3778 538 3837 Goldner
559 3779 595 3835 de
616 3777 785 3835 medicorum
812 3776 950 3851 dignitate
966 3780 995 3832 et
1007 3774 1088 3833 titulo
1103 3776 1239 3833 senatoris
1260 3776 1312 3834 illis

189 3868 256 3927 olim
277 3866 391 3924 tributu.
420 3864 513 3922 Gerae
536 3856 629 3926 1712.
649 3858 679 3924 4.
702 3863 832 3932 (Auctore
851 3883 904 3916 non
920 3865 1023 3917 medico
1041 3864 1090 3916 sed
1100 3864 1312 3934 ludimagistro.)

150 3949 236 4017 Andr.
258 3951 369 4010 Ottom.
395 3948 570 4007 Goeliche
591 3948 628 4004 de
655 3946 857 4023 sapientissima
878 3945 942 4021 lege
963 3943 1172 4003 Atheniensium
1192 3966 1249 4022 qua
1266 3967 1313 4004 so-

188 4038 318 4098 lemniter
338 4034 474 4093 sancitum
499 4038 569 4108 erat,
594 4051 631 4089 ne
659 4049 715 4104 qua
742 4032 845 4088 femina
873 4039 922 4088 aut
952 4050 1046 4089 servus
1078 4032 1241 4090 medicinam
1268 4033 1312 4090 di-

188 4128 288 4198 sceret,
307 4123 388 4199 epist.
414 4119 478 4177 Hul.
500 4113 616 4195 (1713)
642 4109 734 4176 1717.
757 4109 786 4172 4.

153 4207 274 4286 conyers
301 4204 510 4266 Middleton
537 4203 573 4261 de
599 4202 767 4260 medicorum
792 4201 867 4278 apud
896 4208 1004 4258 veteres
1034 4200 1178 4258 Romanos
1205 4202 1313 4276 degen-

189 4296 257 4353 tium
282 4290 444 4352 conditione
465 4289 639 4360 dissertatio,
661 4304 717 4362 qua
738 4292 835 4342 contra
856 4285 913 4344 Jac.
937 4284 1071 4361 Sponium
1094 4291 1122 4342 et
1139 4285 1219 4346 Rich.
1235 4285 1313 4343 Mea-

191 4380 267 4437 dium
289 4376 415 4436 servilem
442 4395 503 4434 eam
524 4375 609 4431 luisse
630 4371 795 4433 ostenditur.
822 4369 984 4444 Cantabrig.
1012 4363 1103 4427 1726.
1125 4366 1154 4428 4.
1172 4405 1213 4414 —
1228 4371 1313 4447 Angl.

190 4459 283 4525 Laud.
308 4455 401 4523 1734.
422 4455 452 4524 8.
484 4468 620 4540 (Auctoris
636 4467 752 4537 theologi
771 4485 837 4540 opus
856 4473 946 4521 contra
965 4466 1089 4536 Spouium
1106 4467 1134 4520 in
1152 4469 1313 4521 Rechcrches

1024 4551 1064 4614 14
