2888 4958
200 307 262 373 188
650 311 912 393 Ophthalmiatrice.

244 461 428 547 antiquissimis
445 461 603 532 temporibus
620 477 704 531 usquo
720 461 754 514 ed
767 461 912 545 recentiore
926 459 1028 544 potiore
1042 458 1143 542 nomios
1153 462 1289 531 recenset3
1304 475 1369 581 pap.

245 531 278 587 17
297 547 336 599 sq.
359 532 490 583 indicetur
513 547 560 588 ms.
587 530 847 601 ophthalmologrcnm
866 530 937 582 Petri
956 529 1076 599 campen
1100 546 1157 581 cum
1180 528 1256 596 figg,
1288 544 1339 596 qno
1360 566 1369 596 ,

243 608 274 653 ut
291 601 408 663 ridetur,
428 600 537 652 Lovanii
556 602 599 653 vel
620 599 759 668 Ultrajecti
777 601 951 665 asservatur.)

200 674 236 732 G.
259 674 318 730 Jos.
339 674 429 730 Beer
459 673 626 731 Geschichte
650 675 701 731 der
735 672 932 748 Augenkunde
962 671 1120 747 iuberhaupt
1147 670 1208 728 und
1236 670 1288 728 der
1309 668 1370 727 Au·

242 758 448 834 gonheilknnde
468 759 675 816 insbesondere.
713 754 740 815 l.
762 758 841 816 Heli.
885 757 968 815 Wien
1002 751 1092 814 1813.
1128 749 1157 812 8.
1191 760 1305 826 (Parum
1327 759 1368 811 hi-

243 837 499 975 'toldceclcripmm'
523 838 622 908 judicia
649 839 737 909 alique
759 840 792 892 de
808 838 882 892 libris
899 856 915 890 e
932 836 1058 890 medicina
1076 835 1190 889 ocularia
1214 837 1275 890 anni
1305 833 1370 890 1812

242 926 291 961 con
313 925 345 960 ne

313 1046 374 1143 n.
431 1045 630 1143 nonis
662 1041 1250 1167 nnntnommnnccc.

199 1217 243 1279 Jo.
255 1216 342 1280 Henr.
358 1217 486 1294 Jugler
502 1218 685 1277 bibliothecae
696 1217 899 1296 ophthalmicae
916 1219 1053 1294 specimen
1067 1217 1087 1278 l.
1106 1216 1261 1290 Hamburg.
1275 1208 1370 1272 1783.

241 1298 272 1363 8.
289 1335 331 1344 -
349 1303 436 1360 Redit
452 1307 481 1360 in
498 1303 597 1378 Ejusd.
621 1302 765 1381 Opuscula
781 1304 844 1361 bina
868 1302 1138 1374 medico-litteraria,
1162 1300 1277 1358 alterum
1300 1318 1370 1376 spe-

243 1388 304 1446 cim.
327 1388 452 1450 biblioth.
475 1389 630 1466 ophthalm.
653 1390 783 1466 primum,
807 1407 954 1445 recensens
980 1393 1118 1460 auctores,
1145 1385 1191 1460 qni
1215 1385 1368 1459 usquead

243 1472 279 1539 Q.
306 1473 403 1532 Sereni
426 1475 594 1532 Sammonici
615 1479 734 1530 aetatem
756 1473 784 1530 in
803 1473 941 1530 medicina
963 1472 1067 1529 oculari
1088 1488 1211 1545 unquam
1231 1469 1367 1544 claruere,

241 1557 359 1616 alterum
380 1559 417 1616 de
445 1559 565 1634 collyriis
590 1565 714 1615 veterum
737 1557 878 1633 variisque
903 1577 999 1615 eorum
1025 1555 1197 1615 differentiis.
1229 1552 1308 1632 Lips.
1338 1559 1370 1610 et

241 1641 357 1701 Dessav.
380 1638 503 1720 (1784.)
527 1638 617 1702 1785.
643 1638 671 1701 8.
1025 1664 1029 1671 ·

200 1727 237 1785 G.
248 1727 308 1789 Jos.
330 1729 422 1786 Beer
444 1728 639 1805 Repertorinm
657 1726 724 1785 aller
738 1727 781 1784 bis
795 1746 831 1783 zu
848 1725 931 1784 Ende
952 1726 1003 1784 des
1013 1725 1111 1784 Jabres
1133 1716 1216 1783 1797
1244 1721 1369 1780 erschie-

240 1830 331 1871 ncnen
348 1812 488 1870 Schristen
502 1814 572 1870 iiber
596 1813 642 1870 die
663 1810 956 1886 Augenhrankheiten.
1010 1808 1123 1884 (Etiam
1144 1811 1190 1866 md
1207 1807 1297 1866 titudo:
1313 1807 1367 1864 Bi-

240 1897 380 1956 bliotheca
404 1897 591 1975 ophthalmica
612 1892 679 1979 etc.)
706 1897 788 1955 Wien
811 1891 902 1956 1799.
915 1891 944 1954 4.
968 1896 1040 1958 Voll.
1053 1895 1102 1952 lll.
1138 1898 1230 1967 (Opus
1250 1913 1304 1949 non
1321 1914 1368 1948 sa-

241 1977 419 2114 tipssscpurute
437 1979 596 2032 eleboratum
612 1979 661 2032 sed
678 1980 711 2032 ob
729 1978 762 2032 B.
779 1976 861 2047 ipsius
879 1977 1038 2047 aliorumque
1053 1975 1154 2045 jubicio
1177 1973 1255 2028 hodie
1279 1973 1368 2027 adbuc

242 2064 259 2100 u
291 2065 314 2100 e.

256 2211 310 2282 o.
365 2184 957 2305 opntnnlmcotrsce
984 2182 1307 2280 veterum.

199 2354 272 2432 hug.
299 2354 465 2416 Andreae
491 2377 541 2414 zur
562 2358 680 2416 altestcn
703 2357 870 2416 Geschichte
898 2359 949 2414 der
969 2356 1232 2434 Augenheilhunde.
1266 2353 1367 2429 Progr.

243 2441 449 2520 (Magdeburg)
477 2438 567 2503 1841,
586 2438 616 2501 8.
636 2453 801 2521 (Medicinam
815 2461 841 2507 et
853 2455 1085 2524 ophthalmietriam
1096 2455 1299 2525 antiquissimum
1312 2457 1368 2506 Ae-

243 2525 399 2592 gyptiorum,
417 2523 537 2576 indorum
557 2532 583 2575 et
601 2526 765 2577 Graecorum
782 2533 911 2590 enarrat.)

199 2593 291 2656 Fridr.
324 2595 398 2654 Guil.
437 2596 617 2655 Wallroth
654 2603 802 2674 syntagma
827 2599 863 2656 de
892 2596 1130 2674 ophthalmologia
1154 2615 1203 2655 seu
1227 2594 1368 2653 medicina

242 2680 385 2738 oculorum
406 2688 539 2743 veterum.
572 2683 720 2760 Specimen
742 2683 1003 2760 medico-philolog.
1036 2681 1104 2740 Hal.
1130 2675 1221 2741 1818.
1244 2675 1274 2742 8.
1297 2684 1368 2752 (Us-

243 2779 295 2831 que
309 2762 343 2814 od
361 2762 455 2815 saecul.
480 2764 619 2816 secundum
637 2772 698 2832 post
716 2763 869 2830 Christum.)

199 2835 264 2893 Car.
287 2836 350 2898 (310,
375 2835 478 2893 Kiihn
500 2838 583 2895 index
605 2839 774 2895 medicorum
797 2837 980 2895 oculatiorem
1006 2836 1078 2893 inter
1106 2833 1231 2892 Graecos
1256 2832 1366 2891 Roma-

241 2939 361 2996 nosque,
384 2941 494 2998 progrr.
507 2922 566 2993 ixl.
602 2921 679 2999 Lips.
708 2917 914 2983 182911830.
938 2916 966 2980 4.
986 2933 1127 3000 (Eruditee
1153 2928 1367 3001 disquisitionem

244 3003 293 3053 clr.
313 3018 416 3070 quoque
435 3003 500 3052 Etoi
519 3002 714 3054 iohanneou
732 3005 810 3054 lettre
831 3020 878 3054 sur
901 3006 938 3055 ies
960 3003 1131 3070 inscriptions
1154 3002 1186 3053 de
1208 3001 1310 3067 pierres
1327 3001 1368 3053 si-

242 3072 407 3189 piltoiresrte
423 3071 552 3122 medecins
570 3073 699 3136 oculistes,
720 3073 885 3124 ddcouucrtes
903 3074 920 3122 d
939 3073 1056 3138 libycum,
1081 3072 1172 3134 Vicus,
1191 3069 1325 3121 Bromoib
1341 3075 1369 3120 et

258 3139 386 3206 ngoillerc
412 3138 557 3205 in‘Bottin
581 3139 713 3206 molenges
741 3139 948 3208 d'archaeologie
973 3142 1006 3192 de
1030 3141 1055 3193 le
1079 3139 1179 3193 socidtd
1201 3137 1292 3206 royale
1317 3137 1369 3189 des

243 3205 404 3273 antiquaires
422 3207 454 3259 d'e
472 3207 584 3263 Frence.
620 3209 694 3261 Poris
715 3208 790 3264 1831.
808 3209 852 3276 8.)

199 3276 244 3336 Jo.
277 3277 345 3335 Ern.
373 3280 487 3337 lmman.
514 3281 637 3339 Walch
669 3282 788 3358 sigillum
808 3282 909 3340 medici
937 3280 1049 3339 ocularii
1073 3279 1192 3340 Romani
1217 3296 1309 3355 nuper
1334 3278 1368 3336 iu

241 3383 311 3438 egro
336 3363 448 3422 Jenensi
469 3371 610 3443 repertum
632 3373 661 3424 et
686 3368 926 3425 observationibus
948 3367 1123 3427 illustratum.
1152 3363 1297 3423 Accedunt
1318 3382 1367 3420 re-

241 3448 317 3524 liqua
338 3451 427 3526 sigilla
453 3457 482 3508 et
507 3450 700 3530 inscriptiones
726 3453 898 3510 medicorum
926 3452 1109 3509 ocularinrnm
1135 3456 1269 3509 veterum.
1301 3447 1366 3507 Jen.

242 3529 332 3593 1763.
344 3531 373 3594 4.
389 3534 454 3593 Cum
467 3539 548 3594 icone.
560 3569 606 3580 —
617 3536 703 3595 Redit
712 3540 743 3594 in
753 3537 851 3612 Ejusd.
865 3535 1045 3613 Antiquitatt.
1061 3537 1159 3598 medic.
1178 3534 1272 3592 select
1298 3531 1365 3591 Jen.

242 3612 335 3682 1772·
358 3619 388 3682 4·
408 3636 475 3699 (cn.
494 3651 598 3703 quoque
620 3637 647 3689 P.
666 3636 704 3687 W
709 3636 862 3704 esseling
883 3636 1047 3687 devotorum
1067 3634 1175 3687 medicis
1193 3631 1321 3698 centuriis
1337 3629 1367 3684 in

242 3702 300 3753 Act.
324 3701 383 3755 Lac
406 3722 460 3758 soc.
479 3705 584 3757 Jenens.
602 3713 665 3760 tom.
684 3705 734 3758 ΙΙΙ.
757 3722 782 3775 p.
800 3705 835 3758 53
853 3706 906 3773 sq.)

198 3771 272 3836 Dan.
302 3774 388 3834 Wilh.
419 3778 556 3836 Triller
583 3797 678 3855 progr.
705 3778 741 3836 de
765 3777 848 3836 variis
877 3778 1048 3837 medicorum
1073 3774 1257 3835 oculatiorem
1278 3771 1367 3850 colly-

242 3858 299 3930 riis,
320 3878 437 3934 qnornm
459 3863 590 3921 memoria
615 3865 643 3921 in
668 3862 765 3941 priscis
790 3862 928 3939 lapidibus
949 3862 1086 3941 inscriptis
1113 3860 1207 3918 adhuc
1227 3864 1366 3938 superest.

241 3942 333 4000 Viteb.
357 3941 448 4006 1772.
472 3944 501 4006 4.
524 3944 587 4006 Non
607 3948 679 4006 redit
699 3951 728 4004 in
754 3949 875 4025 Opuscc.

198 4028 291 4106 Chph.
325 4031 456 4089 Saxins
485 4033 565 4110 epist.
595 4036 632 4092 de
662 4032 764 4091 veteris
797 4033 895 4091 medici
923 4029 1036 4089 ocularii
1062 4047 1173 4105 gemma
1201 4027 1366 4106 sphragide,

240 4133 330 4192 prope
355 4115 477 4192 Traject.
500 4119 537 4176 ad
562 4117 634 4176 Mos.
660 4138 750 4196 nuper
770 4124 858 4177 eruta.
902 4116 1049 4191 Ultrajecti
1071 4109 1161 4174 1774.
1184 4108 1214 4171 8.

198 4198 243 4256 Jo.
262 4200 349 4258 Henr.
372 4200 388 4257 J
395 4204 495 4279 ugler
526 4205 563 4262 de
591 4203 708 4281 collyriis
736 4212 878 4277 veterum,
905 4203 1044 4276 variisque
1072 4218 1169 4258 eornm
1199 4194 1368 4256 differentiis

241 4285 308 4344 diss.
319 4286 414 4363 inaug.
436 4289 555 4346 Biitzow
566 4283 657 4349 1784.
672 4285 702 4347 8.
717 4322 757 4335 -
771 4290 858 4348 Redit
877 4292 907 4347 in
928 4288 1026 4365 Ejusd.
1052 4287 1174 4365 Opuscc.
1188 4283 1262 4342 bina
1284 4279 1365 4361 Lips.

240 4375 270 4427 et
290 4369 406 4430 Dessav.
429 4369 550 4453 (1784.)
572 4367 662 4437 1785.
689 4369 718 4432 8.

199 4450 350 4513 'l'dchon
372 4454 552 4518 d’dnneci
576 4459 643 4517 diss.
665 4477 713 4518 sur
737 4459 917 4540 l’inscription
940 4475 1061 4537 grecque
1084 4459 1211 4540 Iooovoe
1231 4458 1366 4525 Λυκιου,
