2888 4958
171 294 214 359 68
428 297 611 378 Comparatio
631 298 786 358 medicinae
806 295 909 356 veteris
933 301 963 354 et
982 315 1082 359 norae.

217 449 294 518 (Cum
313 447 438 501 ramira·
456 448 554 501 medica
572 447 729 501 Parirlensic
746 465 819 501 usum
838 447 1031 500 medicaminum
1046 445 1341 510 chemicorumvetaret,

216 516 309 571 medici
327 518 378 570 duo
398 517 610 581 Aurelianenaes,
645 517 717 572 Guil.
736 518 870 587 Baucynet
886 525 913 569 et
930 516 1011 569 lsrael
1029 517 1148 581 Harvet,
1182 521 1209 566 et
1226 514 1342 567 medicus

217 587 385 652 Parmensis,
420 584 475 640 Joa.
494 586 617 639 Duclrene
632 605 652 639 a.
672 586 869 652 Quercetanus,
889 586 956 637 lmec
973 585 1143 638 medicamina
1162 583 1342 648 defenderent,

217 656 342 709 Riolanus
361 655 428 707 hune
442 657 524 724 ipsum
542 655 654 708 libellum
672 672 719 725 pro
740 655 879 708 Facultate
894 654 999 721 edidit.)

175 746 273 808 Herm.
299 745 464 820 Conring
486 746 522 803 de
543 746 693 803 hermetica
714 743 918 823 Aegyptiorum
941 750 1035 802 vetere
1057 748 1086 800 et
1106 740 1342 800 Paracelsicorum

215 848 291 888 nova
312 830 448 887 medicina
472 831 540 888 liber
565 849 653 906 unus,
683 850 739 906 quo
760 830 845 888 simul
869 831 898 886 in
919 829 1059 887 Hermetis
1081 826 1259 901 Triamegisti
1282 845 1342 882 om-

215 916 281 980 nia,
313 932 347 971 ac
372 915 528 972 universam
560 935 622 972 cum
652 912 855 992 Aegyptiorum
880 923 941 971 tum
966 913 1161 971 Chemicorum
1187 910 1343 969 doctrinam

217 999 454 1057 animadvertitur.
507 999 681 1062 Helmestad.
707 995 800 1058 1648.
824 998 855 1059 4.
883 1031 922 1041 -
954 998 1081 1055 Arctum:
1116 996 1161 1055 De
1192 996 1343 1053 hermetica

216 1083 354 1141 medicina
375 1083 434 1141 libri
468 1084 536 1155 duo,
558 1104 619 1141 cum
642 1084 818 1162 apologetico
840 1084 974 1141 adversus
996 1083 1060 1139 Olai
1082 1081 1218 1139 Borrichii
1239 1079 1344 1137 calum-

217 1169 286 1226 niae.
330 1167 504 1226 Helmestad.
528 1165 619 1226 1669.
644 1168 675 1228 4.
719 1174 837 1240 (Contra
852 1171 1066 1224 Hermeticorum
1082 1169 1287 1239 antiquitatem
1309 1168 1343 1220 de

219 1248 386 1302 similitudine
402 1249 471 1302 inter
487 1248 622 1302 Paracelsi
639 1255 667 1301 et
683 1250 873 1320 Aegyptiacam
890 1247 1068 1316 medicinam.)

175 1338 237 1481 Jol
246 1338 436 1481 Michpelis
461 1340 499 1397 de
518 1339 653 1396 moderna
675 1341 828 1397 medicinae
852 1337 923 1396 facie
945 1357 1006 1395 cum
1027 1337 1114 1396 veteri
1130 1334 1238 1393 collata.
1264 1330 1343 1411 Lips.

177 1507 304 1570 Florem.
327 1506 462 1585 Schuyl
487 1527 539 1586 pro
561 1508 646 1565 veteri
668 1508 813 1568 medicina.
856 1504 952 1584 Lugd.
975 1506 1039 1568 Bat.
1066 1510 1095 1563 et
1119 1501 1235 1562 Amstel.
1251 1495 1344 1562 1670.

223 1587 271 1650 12.
315 1597 426 1664 (urano.
443 1596 533 1664 Sylvii
547 1597 674 1664 assecla.)

178 1676 285 1752 Georg.
301 1677 410 1754 Caspar
430 1675 651 1735 Kirclrmaier
674 1676 838 1754 pathologia
857 1681 939 1734 vetus
957 1680 985 1734 et
1003 1693 1085 1737 nova.
1105 1673 1197 1734 Viteb.
1211 1665 1302 1733 1685.
1314 1665 1345 1728 8.

178 1761 197 1818 J
203 1762 334 1819 oubert
360 1760 505 1839 (Jobertl)
523 1762 706 1837 justification
731 1763 780 1819 des
801 1762 921 1832 anciens,
950 1761 987 1818 ori
1010 1759 1067 1817 l'on
1089 1758 1140 1817 fait
1161 1758 1231 1830 voir,
1262 1755 1345 1831 qu'ils

222 1853 272 1904 ont
296 1864 345 1915 su,
381 1865 414 1903 ce
440 1864 496 1921 que
527 1846 567 1903 les
592 1849 741 1905 modernas
762 1865 834 1904 nous
862 1847 988 1903 debitent
1012 1864 1047 1903 en
1070 1844 1214 1902 medecine
1238 1858 1346 1899 mmme

220 1930 272 1988 des
300 1929 443 1988 nouvelles
465 1931 655 1990 decouvertes.
698 1930 776 1988 Paris
799 1925 891 1990 1690.
916 1926 965 1989 12.

177 2014 224 2077 Jo.
249 2013 353 2072 Abrah.
376 2015 554 2073 Merclrlin
577 2018 614 2075 de
638 2016 751 2074 feliciori
776 2035 850 2073 nunc
875 2034 959 2090 quam
981 2011 1046 2071 olim
1068 2013 1206 2071 medicina
1227 2009 1347 2088 plurima

220 2101 383 2159 neotericor.
405 2101 517 2158 inventa
543 2103 650 2159 medica
674 2102 795 2160 breviter
817 2100 1012 2178 complectens.
1055 2096 1154 2155 Patav.
1177 2091 1269 2155 1696.
1292 2089 1322 2153 4.

178 2184 293 2243 Francis
325 2183 472 2243 Cliftou
506 2185 554 2242 the
578 2193 651 2244 state
683 2185 718 2241 of
744 2184 860 2264 physiclc
885 2185 995 2242 ancient
1023 2184 1081 2241 and
1103 2182 1220 2240 modern
1246 2180 1346 2255 briefly

221 2268 395 2329 considered.
443 2266 537 2326 Lond.
564 2265 655 2332 1732.
684 2263 713 2330 8.
740 2302 784 2313 —-·
815 2269 922 2327 Gallice
946 2287 1003 2326 eum
1027 2267 1220 2324 eddilamcmtia
1243 2263 1283 2322 M.
1310 2261 1345 2327 L.

219 2351 581 2501 P.tF.)(Desioniaines).
623 2354 702 2412 Paris
727 2349 818 2413 1742.
843 2349 873 2418 8.
923 2357 1166 2428 (Hippocraticam
1188 2352 1347 2406 medicinam

234 2450 265 2486 ue
278 2450 318 2488 ur.

177 2502 277 2568 Franc.
293 2505 408 2564 Gouel
422 2524 458 2563 an
474 2507 610 2565 medicina
628 2526 724 2566 recens
739 2508 855 2583 antiqua
871 2506 1082 2587 praestantiori
1103 2504 1189 2563 Paris.
1209 2497 1300 2565 1730.
1312 2497 1346 2561 4.

178 2588 295 2649 Niccolo
321 2591 467 2648 Graniti
489 2591 553 2649 dell'
575 2592 666 2650 antica
692 2612 708 2651 e
728 2594 863 2650 moderna
888 2594 1024 2651 medicina
1044 2592 1178 2650 teoretica
1204 2587 1348 2667 epratica

220 2677 467 2735 meccanieamente
488 2676 631 2740 illustrata.
675 2677 779 2738 Venez.
806 2672 898 2737 1739.
922 2672 952 2738 4.

176 2773 251 2835 Jolm
273 2776 406 2834 Becker
427 2795 507 2854 essay
530 2799 567 2836 on
601 2779 649 2837 the
680 2784 842 2856 agreement
868 2778 983 2836 bctwixt
1006 2778 1119 2836 ancient
1143 2776 1200 2833 and
1228 2773 1346 2832 modern

219 2862 376 2938 physicians
409 2881 440 2919 or
474 2882 491 2920 a
523 2865 698 2940 comparison
721 2866 847 2922 between
879 2863 927 2920 the
948 2863 1070 2941 practice
1094 2863 1128 2920 ol
1146 2861 1346 2938 Hippocrates,

220 2945 327 3018 Galen,
353 2946 517 3022 Sydenham
537 2950 594 3005 and
620 2948 784 3006 Boerhaave
809 2948 836 3006 in
858 2951 940 3006 acute
961 2948 1092 3007 diseaaea.
1135 2944 1229 3007 Lond.
1254 2936 1345 3004 1747.

218 3025 249 3088 8.
272 3062 316 3073 -
339 3028 415 3091 Gall.
436 3037 503 3094 vert.
525 3032 663 3108 R.(alph)
693 3033 929 3107 Sclromberg.
971 3030 1086 3091 Amstel.
1126 3024 1217 3087 1749.
1245 3021 1294 3090 19.
1319 3032 1346 3084 et

219 3111 304 3170 Anna
336 3112 400 3170 Carl
422 3112 545 3191 Lorry.
582 3114 660 3173 Paris
687 3111 778 3176 1768.
803 3110 853 3179 19.
880 3148 922 3160 -
947 3113 1044 3174 Italice
1069 3113 1147 3176 Giac.
1169 3110 1348 3170 Pauzoui.

221 3195 326 3254 Vener.
350 3190 442 3258 1773.
468 3193 497 3257 8.

179 3280 294 3342 Gualth.
322 3299 389 3339 ran
411 3279 599 3344 Doereren
632 3305 722 3344 sermo
754 3288 791 3344 de
815 3283 1000 3343 recentiorum
1033 3281 1151 3340 inventis
1182 3277 1349 3336 medicinam

220 3365 383 3423 hodiernam
405 3369 492 3426 veteri
512 3373 745 3446 praestantiorem
770 3368 960 3429 reddentibus.
1001 3365 1096 3443 Lugd.
1121 3366 1186 3426 Bat.
1211 3356 1302 3424 1771.
1317 3357 1347 3426 4.

177 3448 224 3511 Jo.
246 3447 657 3596 llichi7r7lpg.41agemann
689 3458 726 3514 de
750 3463 849 3514 nostra
874 3459 902 3512 et
927 3453 1080 3533 priscorum
1105 3449 1251 3510 medicina.
1294 3445 1350 3504 Er·

220 3536 295 3595 ford.
403 3580 409 3594 .
458 3583 466 3598 .

178 3616 245 3677 Ant.
273 3619 346 3678 Guil.
373 3620 461 3678 Plaz
485 3642 581 3701 progr.
607 3625 725 3702 priscam
750 3630 779 3682 et
799 3623 981 3682 recentiorem
1014 3621 1178 3680 medicinam
1206 3633 1350 3675 commen-

222 3706 301 3762 daus.
345 3703 422 3783 Lips.
451 3701 542 3766 1783.
563 3702 595 3768 4.
640 3713 756 3784 (Neque
770 3713 949 3782 antiquiorem
965 3729 1052 3781 neque
1067 3708 1248 3762 recentiorem
1263 3702 1349 3756 medi-

223 3784 306 3837 cinem
322 3786 398 3842 unice
413 3806 471 3841 esse
488 3789 629 3854 colendam,
646 3790 693 3843 red
711 3790 845 3858 utriusque
863 3790 974 3843 studium
992 3806 1051 3842 esse
1069 3781 1301 3854 conjungendum.)

180 3869 216 3931 A.
249 3873 280 3931 S.
312 3893 378 3933 van
404 3876 465 3935 der
488 3878 746 3938 Boou-Mesch
767 3879 951 3953 redevocring
976 3895 1043 3934 over
1065 3875 1102 3933 de
1133 3868 1350 3945 voortreffelijlr·

221 3957 288 4015 heid
315 3958 367 4017 der
385 3960 619 4038 hedendaagsclre
640 3964 805 4022 heellrunde.
848 3962 929 4021 Dclst
954 3955 1047 4022 1790.
1073 3955 1104 4021 8.

180 4039 249 4100 Karl
270 4043 390 4121 Himly
412 4046 481 4104 iiber
506 4048 597 4125 einige
621 4049 715 4107 wahre
737 4049 795 4107 und
821 4047 981 4106 scheinbare
1002 4038 1285 4103 Verschiedenlreiten
1300 4038 1350 4097 des

220 4128 310 4224 illem
332 4131 390 4188 und
411 4149 516 4190 neueru
536 4132 773 4194 Heilverfahrens.
801 4130 1020 4206 Braunsehweig
1045 4123 1138 4189 1801.
1161 4120 1190 4183 8.
1235 4128 1348 4196 (Pr-ogr.

182 4209 379 4342 (1011111161.
405 4283 549 4342 Gruner
580 4284 715 4364 (auctore
737 4291 818 4364 patre
839 4284 907 4347 Chr.
932 4284 1053 4342 Godolr.
1073 4279 1205 4353 Gruner)
1232 4292 1352 4334 concor·

224 4366 453 4515 dizfimpdicinae
478 4369 580 4427 veteris
611 4375 640 4428 et
674 4388 766 4429 novae
788 4371 937 4429 vindicata.
992 4367 1056 4428 Jen.
1082 4357 1176 4425 1806.
1197 4356 1226 4420 8.
1278 4364 1351 4433 (Pro

203 4460 258 4496 've
309 4485 317 4503 .
