2888 4958
515 305 655 366 Medicina
676 305 803 383 mythice.
1199 309 1242 374 33

69 461 174 523 Euseb.
196 460 371 519 Salverte
386 459 438 518 des
460 459 584 536 dragous
607 464 637 518 et
658 459 708 517 des
730 464 1037 538 serpensmoustmeux
1054 464 1101 540 qui
1116 464 1238 542 figurent

113 550 185 606 dans
196 566 233 604 un
245 546 337 622 grand
348 545 466 602 nombre
478 545 514 602 de
524 546 606 601 recita
617 542 749 603 fabuleun
760 565 795 603 ou
808 545 984 620 historiques.
1014 546 1092 606 Paris
1104 545 1195 614 1826.
1208 549 1238 612 8.

70 632 186 710 Adolph
207 631 285 688 Frid.
308 629 413 687 Funk
435 629 471 686 de
492 627 706 687 Neohuschtane
727 635 757 688 et
776 629 934 707 Aesculapii
952 639 1082 708 serpente
1096 636 1162 695 diss.
1181 636 1238 695 Be-

113 716 164 776 rol.
188 711 281 774 1826.
309 710 339 772 8.
395 718 458 784 (Ad
478 718 579 786 2Reg.
600 719 644 785 18,
664 719 697 782 4;
725 719 834 772 4Mos.
853 720 897 784 21,
919 720 945 773 8.
970 729 999 770 ot
1020 721 1054 773 de
1074 724 1240 793 ophiolatria

117 801 251 866 Aegypt,
271 794 392 847 Phoenic.
415 800 442 847 et
459 795 587 849 Graecos.
604 801 738 859 veterum
770 797 819 849 cfr.
837 795 869 849 C.
893 796 924 851 Α.
942 797 1109 866 Bittiger
1127 803 1153 856 d.
1172 804 1239 856 Aac·

114 865 327 934 culopiusdieust
344 868 398 931 cus
414 864 439 916 d.
452 864 604 927 Tiberiani,
623 864 968 936 medicinisclscSclsluugea
990 867 1238 939 oukclciinSpren-

116 930 500 1069 illlbeiilig‚zir1(ii⁸lillhoe
518 930 544 985 d.
567 930 605 987 M.
627 933 663 986 ΙΙ.
686 931 736 985 163
753 933 791 1000 fg.
809 940 837 985 ct
854 934 884 984 iu
902 934 933 990 B.
985 934 1042 987 eine
1060 935 1195 992 Schriften
1211 959 1237 993 v,

70 1074 264 1134 Penhouet
292 1074 328 1130 de
351 1071 536 1149 l'ophiolatrie
561 1092 600 1130 ou
627 1071 700 1130 crdte
725 1074 764 1130 du
786 1079 908 1150 serpent.
952 1072 1052 1152 Nancy
1079 1075 1202 1150 (Nautes
1210 1075 1238 1159 t)

117 1155 210 1222 1832.
228 1154 256 1220 8.
282 1189 324 1200 --
349 1154 429 1214 Prius
447 1159 477 1214 io
498 1155 622 1215 Annales
644 1157 680 1214 de
701 1157 728 1215 la
748 1159 855 1216 societt
880 1159 1062 1236 aeademique
1077 1162 1113 1219 de
1129 1161 1238 1242 Nancy.

118 1241 189 1306 (cfr.
214 1238 239 1293 J.
263 1237 360 1291 Gistl
377 1240 441 1290 dher
459 1239 613 1308 Schlengen
631 1239 675 1289 dcs
692 1239 859 1291 Altcrthurns
875 1239 902 1291 in
920 1240 1016 1293 Berlin.
1041 1242 1133 1296 medic.
1152 1243 1238 1314 Zeitg.

117 1308 193 1363 1832.
216 1307 253 1361 N.
269 1305 312 1358 34.
340 1307 368 1359 S.
386 1305 438 1359 529
465 1314 492 1358 et
515 1306 562 1358 Fr.
582 1306 718 1358 Mirnter
741 1310 806 1359 dher
823 1309 881 1358 cine
905 1310 983 1361 Votio
1005 1327 1083 1362 emme
1100 1312 1148 1363 mit
1165 1315 1240 1366 einer

115 1375 378 1446 Aesculupschlonge
395 1376 423 1428 in
440 1375 524 1442 lllgen
541 1374 670 1427 zeitschr.
689 1376 708 1426 l.
727 1374 818 1428 histor.
838 1375 930 1429 Theoi.
951 1379 964 1429 l
1001 1378 1026 1435 2.
1045 1379 1065 1435 I.
1085 1380 1110 1431 9.
1136 1381 1165 1433 S.
1183 1382 1239 1450 41.)

71 1449 181 1507 Comei.
203 1448 321 1523 Vogel
354 1448 451 1525 (resp.
475 1448 544 1504 Paul
567 1447 651 1506 Conr.
674 1448 836 1527 Schriider)
869 1450 1042 1509 schediasma
1064 1453 1100 1510 de
1123 1454 1240 1532 gryphi-

114 1535 175 1592 bus.
218 1531 298 1610 Lips.
324 1526 415 1592 1670.
437 1529 467 1590 4.

70 1617 99 1674 J.
121 1617 232 1676 Stohr
254 1614 343 1695 (resp.
364 1615 401 1675 A.
424 1614 625 1694 Recheuberg)
647 1616 769 1677 sirenum
790 1617 913 1678 fabulae.
956 1617 1034 1697 Lips.
1061 1615 1154 1683 1663.

71 1734 115 1745 —
136 1734 176 1744 -
205 1699 290 1778 (resp.
312 1700 338 1758 J.
361 1699 519 1778 Schaeffer)
546 1702 667 1759 sirenum
693 1721 759 1759 nera
784 1701 909 1764 historia.
953 1702 1030 1781 Lips.
1058 1700 1151 1767 1666.

71 1785 97 1842 J.
105 1785 158 1843 Bil
166 1787 183 1844 b
191 1805 253 1862 erg
265 1785 662 1866 (resp.Jon.Columbagrius)
674 1786 795 1845 sirenum
801 1793 993 1869 μυθιστορια.
1006 1789 1105 1867 Upsal.
1114 1785 1205 1854 1687.
1211 1786 1240 1850 8.

322 1936 403 2031 B.
457 1932 662 2030 Aetas
693 1933 991 2054 unisona.

424 2102 472 2167 a.
528 2084 873 2169 Generatim.

72 2222 163 2285 Andr.
186 2223 247 2301 ign.
270 2223 454 2284 Wawruch
476 2223 568 2280 oratio
593 2223 630 2280 de
659 2223 813 2301 priscorum
841 2224 979 2284 Graeciae
1001 2243 1034 2284 ac
1057 2223 1132 2285 Latii
1151 2229 1243 2288 medi-

115 2329 211 2368 corum
235 2308 330 2368 studio
352 2306 547 2366 restaurando.
590 2306 713 2366 Vindob.
738 2303 830 2367 1808.
853 2306 881 2367 4.

73 2395 191 2453 Hieron.
221 2392 452 2453 Mercurialis
481 2392 619 2449 variarum
647 2392 796 2450 lectionum
823 2393 851 2450 in
878 2394 1033 2453 medicinae
1060 2397 1243 2476 scriptoribus

116 2485 144 2538 et
168 2479 228 2537 aliis
248 2478 310 2536 libri
331 2496 388 2536 sex.
438 2475 528 2537 Paris.
552 2470 643 2533 1585.
669 2473 703 2536 8.
733 2477 832 2535 Venet.
856 2473 948 2540 1588.
969 2480 1010 2549 4.,
1032 2480 1068 2543 ib.
1094 2477 1184 2541 1598.
1201 2479 1242 2556 4.,

115 2563 152 2621 ib.
179 2557 273 2623 1601.
296 2556 328 2619 4.
371 2559 470 2618 Editio
490 2563 582 2637 pnmc
606 2559 705 2622 Venet.
730 2556 821 2624 1570.
845 2558 965 2640 (1571.)
991 2558 1020 2622 4.
1046 2572 1159 2643 quatuor
1181 2573 1243 2624 ton-

117 2654 170 2705 tum
191 2648 274 2706 libros
295 2647 383 2704 hebet.
426 2643 508 2702 Edit.
523 2644 637 2702 secundo
656 2645 741 2703 Basil.
766 2640 857 2705 1576.
881 2642 910 2704 8.
937 2651 1049 2725 pacisque
1063 2653 1186 2709 conticet
1201 2682 1244 2694 -

116 2731 214 2795 Renes.
234 2735 267 2790 io
288 2730 326 2788 Η.
349 2729 468 2791 Mercur.
492 2729 626 2808 opuscula
648 2747 734 2787 aurea
748 2735 777 2787 et
799 2728 955 2788 selectiora.
977 2731 1079 2789 Venet.
1103 2728 1196 2791 1644.
1220 2733 1240 2790 f.

74 2815 143 2874 cnr.
164 2815 402 2891 Frid.Ji1nger
423 2833 521 2890 progr.
544 2814 683 2889 quaedam
705 2813 743 2870 ad
765 2813 909 2870 historiam
933 2815 1086 2871 medicinae
1114 2834 1149 2872 en
1170 2816 1245 2873 anti-

117 2900 181 2976 quis
203 2899 326 2959 collecta.
369 2897 514 2974 Freiberg.
539 2892 629 2960 1794.
654 2893 684 2955 4.
709 2896 760 2975 (ad
783 2896 928 2974 Paliiphat.
950 2916 973 2955 a
989 2893 1050 2968 21,
1072 2897 1156 2956 ovid.
1179 2900 1243 2963 fast.

117 2984 153 3042 V.
179 2979 251 3053 749,
272 2983 329 3042 Cic.
354 2984 438 3043 divin.
463 2982 499 3040 ll.
526 2979 593 3052 66.,·
624 2982 661 3040 de
685 2978 852 3058 Aesculapio
873 2980 1021 3041 Dictamuo
1043 2982 1097 3055 al.;
1130 2990 1245 3042 auctore

118 3088 177 3127 non
203 3065 335 3145 medico.)
361 3101 401 3113 ·-
424 3067 524 3142 Progr.
547 3066 616 3124 Pars
638 3066 724 3125 altera
746 3067 926 3125 collectorum
946 3087 981 3125 ex
1002 3067 1125 3144 antiquis
1147 3070 1185 3126 ad
1201 3069 1245 3127 hi-

118 3155 232 3211 storiam
257 3152 418 3214 medicinae.
461 3151 604 3226 Freiberg.
631 3145 723 3210 1794.
749 3147 778 3208 4.
823 3156 883 3223 (De
898 3156 1087 3226 Melampode,
1111 3157 1243 3226 Chirone,

117 3233 261 3298 Podalirio,
279 3233 436 3296 Machaona,
454 3230 581 3300 iapyge.)

75 3306 183 3382 Georg.
209 3306 355 3363 Franck
383 3307 426 3363 de
458 3303 699 3363 Franckeuau
731 3303 768 3362 de
797 3305 912 3363 medicis
937 3303 1088 3383 philologis
1114 3306 1243 3385 epistola.

115 3391 209 3449 Viteb.
233 3384 326 3449 1691.
348 3383 379 3450 4.

74 3473 149 3532 Dan.
173 3474 247 3532 Guil.
272 3473 409 3531 Miiller
434 3470 597 3552 (Mollerus)
623 3472 759 3530 indiculus
787 3474 958 3533 medicorum
979 3473 1187 3552 philologomm
1209 3490 1245 3543 ex

68 3578 77 3588 1
117 3559 269 3617 Germania
291 3556 482 3616 oriundorum.
524 3555 626 3615 Altorl.
650 3552 742 3615 1691.
762 3552 792 3614 4.

76 3642 178 3700 Christ.
204 3642 285 3700 Frid.
308 3642 463 3701 Wilisch
495 3642 531 3699 de
558 3642 672 3699 medicis
697 3642 936 3719 praestantissima
957 3639 1097 3696 literarum
1126 3638 1243 3715 elegan-

116 3728 220 3785 tiorum
242 3726 327 3784 laude
347 3726 508 3784 illustribus.
536 3722 699 3801 Annaberg.
711 3719 836 3787 17091.
859 3726 999 3796 (Auctoris
1014 3725 1138 3795 theologi
1151 3729 1243 3797 opus.)

74 3808 119 3868 Jo.
151 3810 319 3869 Caselius
354 3811 473 3888 epistola
496 3810 535 3866 ad
565 3810 746 3884 Henningum
778 3806 942 3866 Amisaeum
975 3805 1012 3863 de
1043 3806 1151 3865 medica
1183 3813 1244 3868 arte

117 3895 325 3971 praestantibus
354 3896 454 3952 studiis
479 3895 562 3952 etiam
594 3894 746 3970 sapientiae
768 3890 848 3949 claris
871 3895 899 3947 et
924 3888 982 3947 aliis
1004 3889 1108 3968 ingenii
1130 3893 1243 3952 dotibus
1367 3890 1370 3894 ’

117 3979 253 4056 praeditis
269 3979 371 4037 saeculi
385 3979 461 4037 XVl.
484 3978 557 4036 viris.
601 3975 775 4035 Helmestad.
803 3969 894 4038 1610.
919 3968 948 4032 4.
971 4007 1013 4018 -
1032 3974 1129 4040 Recto.
1152 3981 1181 4035 in
1197 3977 1242 4035 Jo.

116 4062 282 4122 Bbrclrhard
304 4064 427 4121 medicus
452 4063 630 4139 gravissimus
653 4059 834 4118 humanitatis
849 4059 1005 4116 studiorum
1027 4060 1139 4118 vindex.
1160 4060 1244 4142 Wol-

116 4148 256 4207 fenbiittel
280 4143 370 4208 1716.
398 4144 427 4208 8.
455 4169 485 4226 p.
509 4140 686 4205 loa-150.
731 4149 806 4214 (Jac.
821 4147 931 4213 milich,
955 4149 1038 4214 casp.
1055 4149 1176 4213 Passer,
1198 4149 1242 4200 ro.

115 4227 258 4293 Hermann,
276 4227 369 4284 Joacb.
380 4228 523 4293 Cameren,
541 4225 638 4280 Melch.
649 4222 808 4287 Guilandin,
827 4223 883 4276 Pet.
903 4221 982 4275 Andr.
993 4220 1134 4285 Matthiol.‚
1153 4223 1244 4291 Grato,

115 4297 197 4352 Henr.
216 4299 368 4361 Brucaeus‚
393 4297 466 4354 Petr.
481 4294 632 4358 Memmius,
654 4290 696 4344 Jo.
715 4292 856 4361 Bokelius,
892 4289 987 4344 medici
1007 4290 1051 4359 qui
1071 4290 1175 4344 Caselio
1193 4292 1261 4345 iter'

100 4380 101 4383 ’
113 4365 223 4420 facienti
240 4367 428 4433 innotuerant.)

70 4435 131 4500 Jac.
155 4439 373 4499 Burckhard
394 4440 519 4498 medicus
548 4429 726 4512 gravissimus
756 4432 935 4492 humanitatis
964 4431 1121 4491 studiorum
1142 4431 1244 4490 vindex

972 4527 993 4590 3
