2888 4958
180 304 224 370 88
611 299 751 364 iiedicina
774 299 919 380 gentilitia.

184 460 274 523 lienr.
295 460 414 523 Palmat.
436 459 480 518 de
502 453 681 533 Lereling
704 455 820 515 historia
844 449 1185 530 chirurgiae-anatomicis
1198 447 1356 510 Facullatis
1393 502 1396 507 .

103 608 106 613 ,
227 547 353 606 medicae
385 543 614 619 lngolstadiensis
641 544 678 600 ab
706 541 898 600 Universitate
926 557 1001 597 anno
1024 535 1267 595 mccchxxll
1287 556 1358 595 con-

116 612 137 657 f·
229 632 289 690 dita
312 630 350 688 ad
372 647 475 692 annum
496 625 790 687 MDCCLXXXVlll.
834 624 951 700 ingolst.
974 616 1067 684 1791.
1091 616 1123 683 4.
1162 625 1357 697 (Supplemen-

229 720 282 767 tum
300 709 386 782 operis
403 707 571 774 Slebleriani,
589 707 622 761 de
635 705 766 761 anatomia
782 710 810 760 et
827 702 960 774 chirurgia
976 702 1053 773 agit.)
1125 753 1128 760 ,

619 861 683 917 10.
721 862 919 933 wammam·

185 970 287 1033 Lndw.
308 967 343 1032 F.
368 988 396 1030 r.
420 966 575 1046 Froriep
598 966 669 1025 inber
700 965 747 1024 die
777 963 985 1024 anatomischen
1009 959 1164 1022 dnslalten·
1183 983 1221 1023 an
1244 963 1359 1024 Tibin-

229 1075 285 1133 gen
313 1074 370 1113 von
397 1053 569 1128 Errichtung
593 1052 643 1110 der
671 1049 843 1111 Universitiit
876 1051 917 1108 bis
952 1049 1005 1106 auf
1037 1049 1249 1126 gegenwarlige
1280 1050 1364 1114 zeit.
1421 1092 1424 1097 -

229 1141 283 1200 Mil
303 1135 325 1199 4
349 1139 494 1215 Beiiagen.
551 1136 676 1195 Weimar
705 1130 796 1194 1811.
817 1130 847 1198 4.
884 1138 979 1208 (Plura
999 1137 1122 1190 continet
1147 1155 1247 1191 emss.
1267 1139 1357 1208 diplo-

230 1221 356 1287 matibus,
378 1219 417 1272 sio
434 1237 457 1273 e.
478 1235 506 1287 g.
530 1215 601 1270 Sinti
622 1216 670 1271 lv,
688 1216 769 1269 breve
786 1216 881 1287 papale
898 1214 961 1268 anni
982 1214 1058 1282 1482,
1075 1214 1239 1284 Tubingensi
1252 1216 1356 1270 ‘acade-

229 1290 296 1345 miae
313 1288 415 1343 veniam
432 1285 578 1342 insecandi
594 1284 763 1355 concedens.)

471 1441 534 1497 11.
574 1440 832 1513 retenemus.
850 1440 1064 1498 moereo.

186 1545 276 1610 Andr.
309 1546 448 1608 Schalo
469 1547 559 1605 oratio
581 1544 696 1606 secular.
719 1545 756 1603 de
776 1544 860 1602 initiis
881 1549 967 1620 atque
989 1544 1163 1603 incrementis
1191 1544 1279 1604 studii
1299 1565 1360 1606 me·

229 1635 284 1693 dici
302 1635 331 1692 in
351 1634 430 1696 acad.
452 1631 656 1706 Vitebergensi.
700 1621 1033 1695 1101161111-
1053 1629 1150 1688 Recos.
1174 1632 1205 1688 in
1235 1630 1360 1694 Godofr.

230 1720 368 1776 Suevus
390 1711 471 1796 (let)
493 1715 636 1773 academia
649 1713 859 1789 Vitebergensis
877 1716 1018 1789 usquead
1032 1735 1058 1776 a.
1070 1709 1161 1772 1655.

187 1801 265 1861 Frid.
286 1802 453 1861 Boerner
481 1800 630 1860 memoriae
656 1800 846 1876 professorum
874 1799 1027 1858 medicinae
1058 1799 1086 1856 in
1112 1799 1193 1856 acad.
1225 1798 1360 1858 wirtem-

230 1885 361 1962 bergensi
387 1884 454 1942 inde
480 1902 498 1942 a
526 1884 621 1963 primis
648 1884 720 1941 illius
756 1882 841 1941 initiis
870 1889 1022 1943 renovatae
1054 1884 1193 1962 specimen
1225 1883 1247 1942 l.
1280 1880 1360 1963 Lips.

230 1965 322 2033 1755.
344 1965 373 2029 4.
395 1969 507 2048 specim.
533 1969 568 2026 11.
595 1968 632 2027 ib.
661 1964 752 2029 1756.
778 1965 808 2026 4.
852 1972 969 2040 (Desunt
996 1973 1026 2025 in
1053 1973 1086 2026 B.
1116 1973 1205 2026 -Nocl.
1233 1973 1359 2043 guelph.)

187 2055 260 2117 Geo.
281 2055 356 2114 Rnd.
384 2054 539 2113 Biihmer
572 2049 659 2131 (resp.
687 2053 752 2114 Chr.
781 2051 858 2110 Frid.
887 2051 1086 2134 Niirnberger)
1116 2054 1154 2111 de
1183 2054 1361 2114 incrementis

228 2140 387 2200 academiae
407 2138 617 2214 Vitebergensis
638 2157 673 2197 ex
696 2137 859 2196 liberalitate
879 2138 1057 2196 medicorum.
1104 2137 1197 2201 Viteb.
1220 2133 1313 2204 1783.
1330 2134 1360 2199 4.
1396 2150 1398 2152 ’

187 2223 252 2285 Car.
281 2225 355 2282 Guil.
385 2223 585 2300 Overkamp
613 2222 735 2280 narratio
764 2222 800 2280 de
830 2221 946 2279 consilio
974 2223 1141 2301 condendae
1171 2223 1360 2282 universitatis

229 2309 388 2367 studiorum
422 2306 632 2382 Vitebergensis
662 2325 681 2364 a
718 2306 833 2364 dissidio
868 2307 1077 2365 duumvirornm
1109 2307 1292 2365 medicorum
1315 2309 1360 2368 vel

229 2394 358 2524 profecto
380 2390 423 2449 vel
446 2398 521 2449 certe
547 2397 640 2449 tamen
666 2391 774 2466 adjuto.
818 2390 1026 2468 Gryphiswald.
1049 2386 1141 2454 1802.
1171 2388 1200 2449 4.
1232 2396 1361 2463 (Martini

254 2472 350 2526 olliclrii
368 2472 401 2524 de
419 2470 593 2537 Mellerstadl,
612 2471 769 2541 professoris
782 2471 847 2523 med
872 2471 1033 2543 Lipsiensis,
1058 2489 1114 2524 cnm
1133 2472 1234 2540 collega
1252 2473 1361 2528 Simone

231 2541 341 2594 Pistoris
365 2539 496 2593 dissensus
515 2539 587 2592 circa
609 2547 726 2592 naturam
744 2540 881 2610 syphilidis
910 2540 1035 2609 originem
1060 2541 1163 2594 dedisse
1186 2543 1271 2595 fertur
1294 2561 1360 2597 oon·

231 2610 333 2663 dendae
348 2608 534 2662 Universicetis
553 2608 750 2676 Vitebergensis
768 2619 795 2661 et
812 2609 1161 2672 Franoofurto-Viadrinae3
1179 2613 1228 2666 alr.
1249 2611 1361 2666 Mobscn

231 2678 348 2734 Medaill.
368 2676 474 2732 Samml.
491 2678 528 2732 11.
546 2676 597 2734 365
616 2687 644 2732 ot
660 2678 799 2733 Gebhardt
816 2677 941 2746 Beitrige
959 2695 1006 2731 aur
1031 2678 1192 2733 Geschiclrte
1214 2679 1240 2733 d.
1262 2681 1362 2735 Knltur

230 2748 257 2800 in
273 2748 400 2813 Sachsen,
418 2745 510 2800 Dresd.
531 2746 607 2802 1823.
625 2746 652 2800 8.
675 2765 700 2817 p.
718 2746 774 2813 31.)

187 2819 265 2880 Frid.
287 2821 454 2880 Boerner
476 2821 512 2878 de
535 2821 593 2878 vita
614 2825 642 2878 et
667 2821 770 2878 meritis
791 2817 904 2877 Martini
930 2817 1055 2878 Pollichii
1077 2818 1268 2899 Mellerstadii,
1300 2822 1362 2900 pri-

230 2907 267 2963 mi
298 2907 327 2964 in
355 2905 498 2964 academia
527 2904 772 2980 Wittembergensi
801 2903 932 2963 Rectoris
961 2905 1100 2980 magnifici
1129 2909 1158 2962 el
1189 2904 1360 2967 Professoris

229 2991 384 3048 medicinae
405 2989 610 3054 commentatio.
654 2988 866 3047 Wolfenbutleli
889 2980 981 3049 1751.
993 2983 1023 3052 4.
1040 3023 1082 3034 -
1096 2987 1184 3050 Redit
1204 2993 1234 3048 ia
1258 2991 1360 3068 Ejusd.

230 3079 306 3134 noct.
334 3070 455 3148 Guelph.
488 3067 579 3129 1755.
610 3091 677 3150 pag.
708 3068 751 3132 81
779 3105 822 3118 ·-
851 3067 921 3132 109.
944 3077 996 3144 (Μ.
1017 3063 1165 3132 Polliclrius
1178 3087 1300 3134 mortuus
1317 3087 1362 3136 est

233 3151 598 3222 mmmmm&

583 3309 646 3365 11.
682 3309 961 3382 marmoratam.

186 3414 232 3476 Jo.
254 3412 328 3475 Geo.
350 3409 435 3472 wilh.
462 3413 603 3474 Usener
627 3415 719 3491 einige
747 3413 937 3473 Nachrichten
965 3434 1021 3472 von
1045 3415 1111 3474 dem
1139 3415 1289 3495 Hospitale
1316 3421 1361 3482 St.

229 3498 319 3556 Jacob
338 3500 397 3558 und
419 3500 475 3557 den
496 3498 598 3558 beiden
623 3500 828 3559 Siechenhdfen
850 3519 887 3558 an
902 3499 1048 3577 Marburg.
1071 3500 1208 3580 Marburg
1221 3498 1315 3563 1805.
1329 3498 1361 3566 4.

230 3587 370 3656 (Auctoris
397 3589 520 3658 theologi
537 3592 627 3659 opus.)

562 3734 623 3790 1³.
658 3735 987 3807 Argentoratum.

187 3835 259 3895 Phil.
285 3836 372 3894 Henr.
394 3838 546 3898 Boecler
568 3840 657 3898 oratio
679 3838 815 3897 extollens
840 3858 985 3915 procemm
1008 3845 1036 3899 el
1059 3841 1229 3899 medicorum
1247 3837 1361 3917 Argen-

229 3921 412 4067 iiiiimium
434 3924 462 3982 in
482 3930 631 3984 anatomen
653 3923 758 3982 merita.
802 3919 952 3999 Argentor.
990 3920 1080 3988 1756.
1102 3921 1132 3984 4.
1166 3930 1276 3998 (Oratio
1303 3931 1363 3984 adi-

253 4020 270 4055 11
305 4040 311 4054 ·

499 4140 564 4196 14.
598 4143 778 4200 Athama
801 4144 855 4198 ad
872 4144 1046 4200 Elmum.

187 4244 259 4303 Just.
293 4242 385 4323 Chph.
417 4246 592 4304 Boehmer
629 4247 778 4305 memoriae
813 4250 1006 4327 professorum
1033 4248 1299 4308 Helmstadiensium
1332 4251 1362 4308 in

230 4331 400 4390 medicorum
425 4331 541 4405 ordine,
575 4332 623 4409 qui
647 4333 721 4392 diem
748 4351 831 4393 sunm
858 4334 995 4399 obierunt.
1045 4334 1163 4394 Helmst.
1186 4334 1363 4416 (Guelplrer·

230 4408 462 4492 mmai
