2888 4958
625 309 822 390 Hippocrates.
1266 317 1309 383 48

182 464 330 546 Sophoclis
355 471 390 560 et·
411 463 556 524 Theocriti
579 461 656 524 locis.
699 464 801 530 venet.
827 459 920 529 1781.
944 461 975 528 4.
1021 471 1074 540 (Ad
1086 473 1217 529 medicum
1230 476 1309 533 Anna

139 620 165 680 J.
184 547 509 682 llhlllibdlnsbtidlent
533 617 745 696 d'Hippocrate,
766 618 891 696 prbcddd
912 619 998 680 d’une
1019 622 1112 684 notice
1132 643 1180 685 sur
1192 625 1234 687 les
1248 646 1308 689 ser·

182 711 273 763 ments
298 724 333 763 en
359 704 514 763 medecina.
556 702 634 761 Paris
655 695 753 766 1818.
776 697 806 764 8.

141 790 283 850 Stanislav
306 787 537 847 Grottanelli
565 806 650 867 sopra
669 788 689 847 il
709 789 886 865 giuramento
907 789 1089 870 d'Ippocrate
1102 793 1237 862 discorso.
1258 795 1307 863 Fi-

183 894 268 934 renze
294 869 387 936 1823.
413 867 442 934 8.
484 876 617 946 (Oratio.)

142 959 251 1034 Georg.
280 956 436 1016 Manueli
459 956 520 1015 libri
545 957 614 1037 περὶ
639 949 752 1034 φύσιος
774 949 964 1037 (innodatos,
988 960 1037 1036 qui
1057 961 1130 1021 inter
1148 962 1308 1043 Hippocra-

185 1044 258 1103 ticos
282 1047 376 1116 extat,
406 1060 529 1106 censura.
572 1042 634 1104 Jen.
658 1036 749 1104 1797.
771 1037 801 1102 8.
846 1047 1039 1116 (Fragmentis
1054 1051 1203 1120 antiquior.
1218 1062 1248 1107 et
1262 1072 1307 1109 re-

188 1124 293 1178 centior.
311 1130 444 1177 auctorum
462 1122 600 1177 conflatum
619 1139 677 1176 asse
695 1123 762 1176 bunc
775 1122 866 1176 librum
884 1125 1209 1198 pseud-hippocraticum.)

144 1197 217 1260 Geo.
242 1198 358 1272 Seger
376 1197 412 1255 de
433 1196 496 1254 libri
523 1196 716 1274 Hippocratici
741 1195 811 1274 περὶ
836 1199 964 1277 καρδίης
989 1207 1053 1257 ortu
1073 1201 1207 1277 legitimo.
1248 1205 1308 1263 Ba·

184 1282 226 1343 sil.
251 1275 342 1424 lgqig.
364 1275 461 1425 435-1—
480 1279 577 1341 Reno.
599 1284 630 1340 ia
650 1280 805 1358 Baldinger
823 1281 928 1340 selecta
949 1302 1044 1363 opusc.
1071 1285 1201 1364 Gotting.
1214 1282 1306 1352 1782.

183 1385 248 1444 pag.
335 1400 375 1410 -
441 1407 448 1422 .

118 1458 121 1463 '
140 1451 176 1510 G.
201 1451 235 1512 F.
257 1448 479 1508 Laurentius
501 1449 634 1508 deuotis
654 1450 837 1529 Hippocratis
856 1450 884 1509 in
899 1451 1022 1512 historiis
1043 1454 1164 1533 epidem.
1179 1457 1307 1536 repertis.

181 1533 289 1596 Lubet.
312 1530 404 1596 1666.
425 1530 456 1594 4.
500 1539 591 1607 (Sigla
603 1539 633 1592 in
647 1540 697 1592 lib.
712 1539 799 1608 epid.)

139 1619 253 1680 Theod.
278 1619 371 1682 Carol.
397 1619 562 1679 Schmidt
583 1620 763 1698 epistolarum
789 1638 862 1696 quae
886 1621 1054 1700 Hippocrati
1073 1623 1160 1702 vulgo
1181 1625 1308 1688 tribuun-

182 1710 229 1763 tur
253 1722 377 1766 censura.
420 1705 510 1763 lenae
536 1699 628 1764 1813.
654 1700 685 1768 8.
729 1709 879 1778 (Philologi
893 1712 985 1779 opus.)

138 1788 184 1849 Jo.
208 1787 344 1852 Antonid.
366 1807 435 1848 van
465 1790 526 1848 der
545 1788 685 1850 Lindon
709 1789 886 1848 meletemata
906 1792 1060 1851 medicinae
1080 1793 1307 1873 Hippocratioaa

181 1873 275 1950 Lugd.
296 1874 362 1935 Bat.
384 1869 476 1937 1660.
498 1869 529 1936 4.
550 1908 594 1938 -,-
614 1875 685 1934 Post
708 1882 827 1934 mortem
847 1877 968 1934 auctoris
993 1878 1068 1936 edid.
1089 1877 1136 1945 Jo.
1158 1880 1218 1944 Jac.
1233 1877 1308 1940 Db-

180 1959 250 2022 bel.
281 1958 413 2017 Francos.
435 1952 528 2022 1672.
549 1953 581 2020 4.
1078 2022 1082 2027 ,
1289 1968 1294 1977 ’

139 2042 241 2101 Claud.
262 2043 386 2120 Tardy
410 2043 611 2122 Hippocratioa
635 2043 767 2100 medendi
788 2042 946 2104 methodus.
989 2043 1077 2104 Paris.
1094 2039 1187 2107 1676.
1209 2041 1240 2105 8.

138 2143 200 2206 Jac.
224 2143 245 2200 S
252 2162 320 2220 pon
346 2144 494 2223 aphorismi
518 2145 585 2203 novi
604 2144 642 2202 'ex
665 2143 849 2221 Hippocratis
870 2143 1000 2223 operibus
1021 2163 1097 2204 nnnc
1117 2145 1236 2223 primum
1250 2147 1309 2206 col·

182 2228 255 2287 lecti.
296 2226 391 2304 Lugd.
417 2223 510 2293 1684.
538 2224 598 2306 12,
620 2229 657 2291 ib.
679 2223 771 2287 1689.
797 2223 845 2286 12.
890 2232 1056 2303 (Aphorismi
1071 2251 1113 2304 gr.
1129 2235 1177 2288 lat.
1193 2254 1227 2288 ex
1243 2255 1308 2308 ope-

181 2309 232 2367 rib.
251 2309 288 2364 Η.
305 2309 423 2379 excerpti
440 2316 468 2364 et
486 2309 575 2362 ordine
593 2309 762 2378 systematioo
781 2308 916 2381 dispositi3
936 2326 1002 2364 cava
1017 2328 1051 2364 ue
1068 2329 1117 2382 pro
1137 2311 1205 2368 reris
1224 2314 1308 2384 apho-

180 2377 265 2431 rismis
282 2378 319 2434 H.
336 2379 417 2446 vulgo
435 2379 474 2432 sic
492 2379 569 2432 dictis
587 2379 707 2448 habeas.)

136 2450 164 2514 J.
181 2449 332 2595 lthlgndgr.
352 2451 483 2510 hliiller
512 2453 671 2512 rudimenta
695 2451 839 2511 doctrinae
865 2450 1085 2532 Hippocraticae
1104 2471 1197 2520 verae.
1240 2452 1307 2517 Hal.

139 2619 213 2679 Guil.
241 2619 334 2698 Leop.
358 2619 459 2683 Franc.
484 2620 541 2682 Jul.
571 2620 722 2680 Frblioh
754 2622 819 2684 diss.
851 2620 946 2697 inaug.
979 2622 1017 2679 de
1039 2621 1222 2702 Hippocratis
1254 2624 1309 2683 Coi
1378 2628 1384 2643 ¹

180 2706 482 2767 medendimethodis.
526 2702 672 2765 Vratislav.
695 2699 788 2767 1821.
812 2701 843 2765 8.
1000 2736 1002 2741 ·
1229 2726 1232 2731 ·

139 2787 241 2851 Franc.
263 2788 381 2851 Zachar.
408 2790 591 2849 Ermerins
617 2789 732 2870 specim.
765 2790 828 2847 bist.
860 2789 933 2850 med.
959 2787 1053 2863 inaug.
1081 2789 1118 2846 de
1149 2788 1310 2868 Hippocra-

182 2874 221 2931 tis
251 2874 379 2934 doctrina
401 2894 419 2932 a
441 2876 623 2952 prognostica
654 2874 782 2936 oriunda.
831 2870 927 2947 Lugu
949 2873 1013 2930 Bat.
1037 2867 1129 2934 1832.
1152 2870 1183 2931 4.
1240 2879 1309 2947 (Co

184 2953 259 3024 piosa
274 2961 302 3008 at
318 2954 419 3009 erudita
437 2956 600 3025 disquisitio,
627 2960 751 3009 accurato
768 2960 797 3008 et
817 2952 1092 3024 philologico-medicc
1110 2954 1213 3008 coecas
1229 2972 1308 3025 prae-

184 3023 312 3090 notiones‚
329 3025 514 3094 prognosticon
532 3032 584 3081 eto.
602 3026 786 3096 pertractans.)

141 3111 251 3189 Traug.
272 3114 365 3172 Balth.
388 3115 456 3178 Chr.
479 3114 649 3175 Stentzel
673 3112 972 3192 (praesamant.
996 3111 1112 3192 Triller)
1138 3113 1175 3172 de
1194 3112 1308 3192 Hippo-

183 3199 265 3257 cratis
289 3200 384 3258 studio
410 3201 569 3259 anatomico
591 3200 733 3274 singulari.
779 3200 869 3263 Viteb.
892 3193 985 3259 1154.
1005 3193 1035 3262 4.
1057 3197 1175 3258 Enna.
1193 3199 1265 3259 redit
1278 3202 1310 3259 in

181 3282 261 3347 Trill.
276 3284 399 3363 Opuscc
420 3285 484 3347 Vol.
508 3285 531 3347 1.
555 3280 646 3347 1766.
668 3303 698 3362 p.
723 3279 1113 3363 107-133,qoamoua0n
1137 3281 1250 3344 Trillcri
1263 3282 1310 3343 sed

184 3365 328 3427 Steataelii
352 3373 484 3447 opressit,
510 3368 557 3427 Tr.
580 3389 628 3446 ope
653 3370 823 3428 elaboratam.

139 3451 201 3510 Elie
227 3454 272 3511 de
291 3452 496 3532 Lapoterie
521 3472 637 3512 examen
664 3455 700 3512 de
727 3455 756 3512 la
782 3453 908 3512 doctrine
929 3453 1134 3530 d’Hippocrate
1158 3451 1209 3508 des
1235 3450 1310 3509 ittae

183 3537 288 3596 animes
313 3557 361 3596 sur
381 3538 408 3597 le
433 3539 559 3617 principe
581 3541 620 3597 du
644 3544 823 3598 mouvement
848 3544 878 3598 et
903 3538 940 3596 de
961 3536 988 3595 la
1008 3538 1067 3614 vie,
1093 3555 1141 3594 sur
1165 3534 1205 3591 les
1234 3534 1310 3610 peri·

184 3623 253 3680 odes
287 3623 325 3681 de
356 3622 384 3681 la
404 3625 449 3682 vie
479 3623 618 3696 homnine,
642 3643 715 3700 pour
746 3624 833 3682 servir
857 3624 875 3682 a
897 3619 1031 3680 l'histoire
1056 3621 1095 3679 du
1123 3618 1309 3693 magnetisme

182 3706 294 3767 animal.
338 3708 422 3766 Brest
445 3715 473 3766 et
492 3708 572 3766 Paris
594 3703 685 3772 1789.
712 3704 741 3771 8.

140 3787 186 3850 De
207 3790 356 3850 Lavand
383 3793 559 3871 physiologia
583 3793 788 3872 d'Hippocrate
809 3790 927 3850 extraite
947 3788 985 3846 de
1005 3803 1050 3844 ses
1075 3803 1200 3849 oeuvres.
1232 3784 1311 3844 Paris

183 3894 221 3933 an
233 3876 261 3934 Χ
283 3871 404 3955 (1802.)
420 3875 449 3936 8.
471 3883 551 3950 (Cum
565 3883 693 3935 versione
708 3882 815 3935 Gallica
830 3879 895 3932 libri
910 3878 945 3928 de
959 3877 1033 3943 abre,
1048 3891 1121 3945 aqu,
1136 3876 1199 3945 loa,
1215 3893 1311 3929 sacun-

184 3956 245 4008 dum
263 3956 351 4010 Foesii
368 3959 513 4013 versionem
531 3959 658 4026 latinam.)

139 4028 256 4087 Samuel
277 4029 408 4090 Hirsch
446 4033 513 4095 diss.
540 4033 635 4107 inaug.
657 4029 790 4090 nonnulla
816 4029 853 4086 de
873 4025 1055 4104 Hippocratis
1076 4024 1131 4084 coi
1150 4023 1312 4101 cognitione

181 4113 424 4193 anthropologiae.
467 4116 563 4176 Berol.
589 4111 680 4175 1834.
703 4111 732 4174 8.

139 4197 258 4258 Gerard.
282 4200 326 4258 de
349 4201 422 4259 Vos
443 4202 515 4279 disp.
535 4201 631 4275 inaug.
654 4201 689 4257 de
710 4203 827 4255 naturae
843 4194 956 4269 vigore,
992 4190 1091 4267 majori
1122 4191 1152 4249 in
1184 4207 1254 4248 sano
1282 4194 1312 4248 et

180 4290 301 4362 aegroto
332 4305 435 4362 graeco
462 4285 645 4364 Hippocratis
669 4291 811 4361 tempore,
848 4297 933 4355 quam
965 4277 994 4336 ia
1018 4276 1121 4336 nostris
1146 4275 1311 4335 homiuibus.

155 4367 276 4446 'Lugd
299 4371 365 4432 Bat.
391 4366 483 4432 1824.
505 4366 535 4428 8.

134 4451 211 4514 van.
233 4454 318 4516 Wilb.
339 4455 480 4515 Triller
500 4454 662 4516 exercitatio
683 4453 721 4513 de
736 4451 875 4513 alluvione
894 4446 1066 4511 amantia
1083 4446 1119 4507 ab
1136 4445 1311 4531 Hippocrate
