2888 4958
197 311 239 372 54
634 311 774 372 Medicina
803 312 926 387 antiqua.

241 467 358 542 Beitrag
380 485 430 522 zur
451 465 611 541 Erldiirung
633 466 683 522 des
703 462 800 524 Livius
828 466 886 524 und
909 483 959 522 zur
983 463 1111 540 Tilgung
1134 465 1185 523 des
1210 462 1370 544 Aberglau-

242 553 318 610 bens.
362 551 579 626 Braunschweig
602 545 696 613 1802.
721 545 751 608 8.

617 700 687 753 Mlll.
727 699 950 753 Tacitus.

202 806 233 862 C.
258 806 295 861 G.
322 803 418 863 Nees
444 827 511 864 von
534 805 726 864 Esenbeclr
747 801 1369 881 undJ.Noeggerathgiebt'l’acitusei-

243 910 298 946 neu
319 890 502 949 historischen
526 893 647 949 Beweiss
675 910 729 947 von
752 888 949 948 vullcauischen
978 890 1153 966 Eruptiouen
1174 910 1219 948 am
1245 889 1369 950 Nieder-

242 971 434 1119 rgrppplllgrpp
452 973 643 1119 Iigbggerath’s
666 975 789 1052 Gebirge
811 976 839 1031 in
858 973 1219 1054 Rheinland-Westphalen
1243 971 1275 1037 3.
1297 977 1368 1058 Bd.)

620 1172 682 1229 NN.
730 1174 952 1229 Curtius.

202 1279 279 1336 Frid.
307 1279 450 1359 Lepner
479 1282 544 1339 diss.
571 1282 608 1339 de
633 1282 746 1340 adfectu
773 1279 924 1339 Alexandri
950 1279 990 1344 Μ.
1020 1280 1137 1357 ejusque
1163 1281 1308 1341 curatione
1336 1301 1370 1341 ex

246 1365 334 1424 Curtii
358 1368 377 1425 l.
399 1367 448 1425 III.
471 1363 501 1445 5,
523 1363 553 1425 6.
595 1367 759 1444 Regimonti
785 1360 875 1429 1670,
901 1362 930 1429 4,

584 1514 648 1569 00.
700 1516 989 1572 Suetonius.

203 1621 249 1684 Jo.
274 1621 374 1681 Daniel
400 1626 520 1701 Geyer
547 1621 656 1702 (Geier)
681 1621 827 1680 meletema
853 1623 880 1679 in
905 1623 1033 1680 Suetonii
1057 1620 1180 1697 Augusti
1206 1641 1230 1679 c.
1252 1619 1370 1684 LXXX.

247 1708 283 1763 de
308 1708 549 1771 harundinetione.
592 1707 672 1786 Lips.
695 1702 788 1767 1689.
811 1700 841 1765 4.

205 1789 278 1847 Dan.
303 1791 385 1850 Wilh.
408 1794 545 1851 Triller
571 1793 729 1850 exercitatio
756 1790 1025 1868 medico-philolog.
1053 1792 1089 1848 de
1113 1796 1237 1848 veterum
1266 1790 1371 1847 chirur-

248 1894 349 1949 gorum
371 1879 551 1935 arundinibus
572 1885 659 1952 atque
684 1876 800 1935 habenis
829 1876 866 1933 ad
888 1884 965 1933 artus
991 1876 1062 1934 male
1087 1875 1182 1932 firmos
1203 1875 1370 1933 confirmau-

249 1960 302 2016 dos
324 1963 462 2034 adhibitis,
489 1964 626 2020 occasioni
651 1963 705 2020 loci
728 1962 872 2036 cujusdam
894 1962 1058 2019 Suetoniani
1079 1960 1276 2023 obscurissimi.
1321 1959 1372 2017 Vi-

248 2046 307 2102 teb.
334 2040 425 2105 1749.
450 2043 550 2109 4.-
574 2045 1023 2123 RediticTrpusee.V0t.1
1043 2040 1135 2104 1766.
1151 2065 1179 2122 p
1192 2038 1370 2104 317-328.

251 2126 373 2188 (Sueton.
391 2129 490 2181 Octav
512 2128 563 2181 80·
595 2129 757 2193 „coxendice
775 2136 802 2180 et
820 2129 916 2180 femore
935 2136 963 2179 et
977 2143 1053 2179 crure
1071 2127 1177 2178 sinistro
1195 2144 1247 2178 non
1265 2126 1371 2194 perinde

250 2195 363 2260 v‚alebut
382 2206 411 2247 ut
428 2215 506 2266 saepe
524 2166 603 2249 etiani
619 2198 679 2249 iude
698 2197 864 2264 claudicaret,
884 2196 930 2248 sed
949 2195 1060 2248 remedio
1079 2195 1231 2247 harenarum
1250 2205 1277 2246 et
1292 2212 1371 2248 aruu-

251 2263 337 2314 dlnum
357 2265 585 2327 confirmabatur&
603 2267 647 2316 ubi
665 2265 713 2318 Tr.
732 2265 832 2332 legit„
834 2283 895 2321 rem.
914 2264 1100 2331 habenarum‘ss
1119 2273 1146 2318 et
1163 2263 1303 2317 arundines
1323 2281 1371 2334 pro

250 2331 341 2384 ferulis
358 2334 534 2400 chirurgorum
552 2333 650 2399 habet.)

209 2401 328 2461 Gottlob
351 2405 415 2462 Carl
440 2407 675 2484 Springsfeld
706 2406 825 2483 epistola
846 2407 941 2463 critica
961 2407 1009 2465 ad.
1031 2405 1104 2465 Dan.
1131 2405 1205 2463 Guil.
1223 2404 1373 2464 Trillerum

249 2506 334 2565 super
355 2488 417 2546 loco
441 2493 565 2566 quodam
588 2492 714 2549 Suetonii
740 2492 775 2548 ab
798 2511 831 2548 eo
857 2496 975 2553 tentato.
997 2490 1075 2568 Lips.
1100 2485 1189 2553 1750.
1211 2486 1240 2548 4.
1274 2495 1373 2561 (Hare-

250 2585 298 2620 nas
317 2588 374 2623 esse
392 2570 512 2624 balneum
531 2573 691 2635 arenarium,
711 2573 849 2624 arundines
866 2589 929 2626 vero
947 2572 1051 2625 radices
1069 2589 1126 2624 esse
1144 2570 1276 2623 arundinis
1294 2578 1372 2625 aceto

252 2639 371 2692 conditae
388 2642 493 2694 secund.
512 2641 575 2696 Plin
586 2641 685 2694 XXIV.
704 2642 760 2706 lI.;
795 2640 832 2696 M.
852 2642 888 2694 G
905 2640 938 2696 1..
956 2640 1096 2694 Mirnter
1119 2639 1146 2692 in
1164 2638 1246 2692 diario
1264 2639 1373 2693 Hanno-

251 2722 348 2760 verano
367 2709 427 2763 anni
449 2709 513 2763 1750
531 2709 639 2762 Trilleri
657 2709 800 2779 opinionem
818 2710 905 2777 rejicit
923 2717 951 2761 et
968 2709 1068 2776 legit„
1071 2709 1234 2762 aerinarum“
1244 2725 1297 2764 sec.
1308 2710 1373 2764 Plin.

251 2775 339 2833 XXII.
357 2779 415 2843 254
408 2780 574 2844 ·‚Boerner
577 2780 762 2844 ‚“havenarum
780 2779 834 2847 legi
851 2779 946 2832 debere
965 2747 1094 2847 conjicit)

207 2848 282 2913 Dan.
306 2851 388 2910 Wilh.
412 2854 547 2911 Triller
572 2854 729 2911 exercitatio
755 2852 843 2909 altera
874 2852 982 2928 plenior
1016 2854 1053 2910 ad
1083 2851 1224 2927 quendam
1247 2851 1373 2908 Suetonii

251 2934 374 2992 locum
367 2958 394 2994 m
419 2939 476 2994 vita
500 2937 618 3013 Augusti
641 2939 677 2994 de
703 2938 826 2994 remedio
852 2936 1022 2994 habenarum
1042 2944 1128 3011 atque
1147 2937 1324 3011 arundinum,
1345 2936 1373 2993 iu

252 3037 309 3093 qua
330 3023 480 3097 probabilis
506 3023 560 3079 ista
589 3022 746 3080 emendatio
774 3022 853 3079 novis
879 3023 1050 3096 argumentis
1075 3020 1167 3078 valide
1194 3020 1375 3077 confirmatur

162 3176 165 3181 Ι
252 3109 281 3160 et
306 3122 323 3159 a
345 3106 451 3162 frivolis
477 3107 575 3183 nuperi
599 3105 743 3180 cujusdam
768 3107 919 3164 adversarii
945 3105 1148 3179 objectionibus
1167 3103 1258 3160 solide
1283 3105 1374 3161 vindi-

252 3191 339 3249 catur.
383 3189 512 3248 Francof.
535 3185 627 3249 1751.
651 3185 679 3247 4.
705 3224 748 3234 -
772 3191 859 3248 Redit
878 3193 908 3247 ιἰι
928 3190 978 3246 Τι.
1001 3188 1124 3267 Opuscc.
1147 3187 1210 3245 Vol.
1236 3186 1257 3249 I.
1280 3183 1374 3250 1766.
1406 3246 1409 3252 ,

252 3290 280 3347 p.
303 3267 480 3338 328-399.
524 3280 644 3345 (Acriter
661 3286 755 3332 contra
769 3277 1020 3349 Springefeldium.)

211 3356 274 3414 Glo.
298 3358 330 3414 C.
357 3359 594 3437 Spriugsfeld
617 3362 743 3419 defensio
766 3361 876 3419 uberior
896 3377 947 3436 per
968 3356 1041 3421 Dan.
1068 3355 1142 3413 Guil.
1165 3355 1277 3414 Trilleri
1297 3375 1376 3414 exer-

253 3443 413 3502 citationem
429 3444 545 3503 alteram
556 3447 709 3523 pleniorem
726 3448 763 3504 de
776 3445 899 3504 remedio
916 3444 1090 3502 habenarum
1106 3447 1193 3516 atque
1208 3441 1376 3499 arundinum

253 3533 378 3600 extorta,
402 3549 459 3604 qua
478 3538 592 3608 recepta
617 3531 671 3589 loci
696 3532 840 3606 cujusdam
861 3529 1026 3587 Suetoniani
1041 3527 1122 3586 lectio
1138 3528 1231 3584 denuo
1252 3526 1376 3584 vindica-

252 3620 307 3670 tur.
350 3615 416 3675 Hal.
440 3609 533 3675 1752.
557 3627 589 3676 4.
634 3619 699 3688 (Hic
714 3620 775 3672 finis
789 3618 932 3688 impositus
947 3618 991 3670 liti
1005 3617 1082 3670 nimis
1098 3615 1307 3682 contentiosae.)

208 3697 371 3777 Christoph.
394 3698 469 3775 Aug.
490 3701 676 3759 Heumann
713 3698 808 3782 (resp.
833 3699 955 3775 Miiller)
985 3700 1023 3758 de
1050 3697 1186 3756 miraculis
1200 3695 1376 3774 Vespasiani.

252 3781 315 3857 Jen,
339 3779 430 3845 1707.
452 3779 482 3847 4.
527 3789 584 3858 (Ad
598 3791 713 3847 Sueton.
730 3791 814 3859 Vesp.
828 3788 905 3855 VII.)

644 3935 700 3996 ΒΡ.
753 3934 939 3987 Cicero.

210 4039 255 4096 Io.
281 4039 358 4100 Sam.
383 4040 521 4116 Berger
544 4042 580 4099 de
602 4043 737 4100 Cicerone
758 4039 875 4103 medIco.
918 4037 1011 4098 Viteb.
1036 4030 1126 4097 1711.
1157 4029 1336 4115 (1714.)4.

211 4123 295 4187 Bern
318 4123 352 4182 F.
376 4125 451 4182 Rud
474 4124 598 4184 Lauhn
625 4128 690 4190 diss.
714 4125 858 4202 epistolica
880 4126 917 4184 de
942 4124 1078 4181 Cicerone
1099 4123 1166 4180 artis
1189 4121 1322 4180 medendi
1347 4130 1380 4178 ac

253 4210 423 4267 medicorum
447 4216 576 4287 patrono.
620 4211 682 4274 Jeu.
705 4206 795 4271 1750.
821 4206 851 4271 4.

210 4288 286 4352 Petr.
311 4293 488 4352 Eherman
521 4295 611 4375 (resp.
632 4295 721 4354 Andr.
747 4296 829 4358 Gust.
853 4290 1027 4371 Barchaeus)
1055 4294 1092 4350 de
1122 4289 1236 4348 historia
1261 4289 1381 4348 naturali

254 4379 356 4438 Iunone
381 4379 547 4456 scriptorum
579 4380 825 4440 Ciceroniauorum
861 4379 1021 4439 mirabibter
1054 4374 1225 4440 collustrata
1281 4373 1381 4455 Upsal.

255 4459 346 4526 1759.
371 4459 402 4521 4.
