2888 4958
194 278 256 346 lta
701 281 858 343 anatomia.

193 438 256 501 Gsr.
288 436 422 495 Bidloo
451 436 517 493 diss.
543 435 581 494 de
611 434 778 512 antiquitate
814 420 980 495 anatomes.
1003 433 1100 511 Lugd.
1131 435 1198 496 Bat.
1227 425 1365 494 1694f.

238 519 349 588 (Oratio
368 517 527 585 inauguratis
545 517 579 570 ad
597 519 707 587 profess.
727 525 859 571 anatomes
876 518 904 571 in
921 517 997 575 acad.
1015 516 1161 584 tartensi)

193 592 239 652 Jo.
261 593 361 650 Franc.
383 611 450 648 van
473 588 670 668 Leempoel
691 593 831 668 specimen
858 593 952 666 inaug.
981 590 1113 648 exhibens
1141 593 1287 646 anatomes
1308 585 1367 644 ori·

235 677 340 754 ginem,
360 693 538 753 progressum
561 681 591 734 et
611 675 713 734 deinde
735 694 831 734 omnes
855 695 955 754 paene,
973 694 1093 752 quorum
1113 673 1222 750 scriptis
1241 671 1278 728 ab
1296 668 1366 728 Alc-

235 779 352 819 maeone
375 761 412 818 ad
437 761 597 818 liarvaeum
619 779 708 836 usque
729 766 860 838 promota
881 767 934 834 est,
956 765 1095 821 auctores.
1117 757 1199 816 Leid.
1221 749 1314 818 1725.
1331 750 1363 814 4.

237 840 417 912 (Douglasium
436 841 575 912 praecipue
592 841 733 910 sequitur.)
1302 883 1305 888 .

194 915 266 976 Geo.
289 915 356 977 Chr.
381 913 527 973 Maternus
552 916 595 974 de
624 915 754 973 Cilano
787 933 883 993 progr.
912 914 949 973 de
981 910 1157 972 incrementis
1193 908 1364 969 anatomiac.

235 1000 341 1059 Altona
363 994 456 1059 1740.
478 995 509 1056 4.

193 1083 260 1148 Ant.
283 1083 407 1143 Portal
432 1084 546 1141 histoire
566 1084 603 1143 de
619 1079 779 1142 l’anatomie
800 1086 829 1140 et
848 1083 885 1140 de
900 1081 929 1139 la
950 1081 1096 1157 chirurgio,
1118 1082 1272 1139 contenent
1285 1076 1364 1135 l'ori·

236 1171 302 1247 gine
323 1175 352 1227 et
373 1169 413 1227 les
434 1169 552 1245 progres
574 1171 611 1226 dc
635 1186 681 1226 ces
703 1169 834 1226 sciences.
862 1167 926 1230 Vol.
948 1166 1061 1228 1-v.
1090 1165 1168 1223 Paris
1195 1157 1287 1225 1770.
1309 1157 1364 1232 8.;

236 1255 299 1316 Vol.
321 1254 370 1316 Vl.
395 1253 522 1312 Tableau
542 1253 763 1328 chronologique
785 1253 835 1310 des
855 1270 993 1327 ouvrages
1008 1257 1037 1309 et
1053 1251 1104 1308 des
1124 1247 1290 1328 principales
1310 1247 1364 1305 de-

235 1338 572 1399 couvertesd’anatomie
593 1339 680 1396 etde
704 1337 842 1412 chirurgie
861 1355 914 1413 par
941 1336 1026 1394 ordre
1048 1335 1086 1393 de
1110 1335 1249 1394 mutieres.
1281 1331 1362 1391 Paris

236 1418 330 1484 1773.
350 1419 381 1484 8.
419 1435 508 1518 (Opus
531 1435 663 1503 copiosum
680 1434 783 1488 notitiis
800 1432 922 1486 litorariis
939 1450 991 1517 ¹¹.⁰.¹¹
1008 1449 1111 1498 semper
1127 1430 1194 1515 satis
1206 1430 1362 1514 ‘accuratim

237 1507 285 1558 etr.
313 1505 338 1558 J.
364 1505 490 1557 Goulaa
514 1505 592 1557 lettre
616 1507 634 1556 d
660 1504 699 1560 M.
720 1503 834 1567 necron,
862 1520 897 1554 oo
918 1510 1030 1571 arctaque
1053 1502 1086 1555 do
1107 1502 1243 1554 t’tatom
1269 1501 1302 1552 de
1319 1500 1363 1555 M.

243 1573 343 1630 Portol.
372 1573 451 1624 Poris
469 1571 544 1628 1772.
563 1572 589 1628 8.
608 1581 636 1625 et
653 1572 704 1624 alia
721 1571 821 1641 scripta
838 1570 960 1637 minora.)

194 1645 268 1707 Will.
292 1643 493 1704 Northcote
514 1663 532 1701 a
556 1646 665 1703 concise
686 1644 792 1722 history
817 1645 852 1700 of
869 1643 919 1701 the
941 1648 1074 1721 anatomy
1093 1641 1167 1701 srom
1187 1640 1238 1700 the
1252 1639 1365 1699 earhest

235 1748 311 1805 ages.
345 1728 437 1787 Lond.
464 1721 555 1790 1772.
578 1724 608 1789 8.
634 1733 710 1799 (Non
731 1733 878 1799 laudatur.)

193 1813 288 1873 Pierre
312 1812 448 1871 Lassus
473 1813 543 1870 essai
568 1833 606 1871 on
628 1815 752 1870 discours
775 1812 931 1887 historique
953 1818 981 1870 et
1002 1811 1119 1889 critique
1134 1829 1182 1868 sur
1196 1809 1237 1867 les
1254 1807 1365 1867 decon-

236 1903 329 1956 vertcs
359 1897 441 1956 faites
468 1915 503 1954 en
530 1899 671 1956 anatomie
700 1916 755 1977 par
783 1897 824 1955 les
844 1897 957 1955 enciens
976 1901 1006 1955 'et
1026 1895 1066 1954 les
1088 1897 1247 1954 modernos.
1280 1892 1365 1951 Paris

238 1976 328 2042 1783.
357 1977 387 2040 8.
410 2015 452 2024 -
472 1980 598 2040 Genaua.
615 1988 682 2041 vert.
710 1981 757 2044 Jo.
781 1981 879 2041 Heinr.
906 1980 1062 2040 Crevelt.
1082 1979 1140 2040 Th.
1162 1976 1191 2039 l.
1214 1973 1244 2037 2.
1276 1978 1364 2037 Boon

236 2064 416 2146 (Franhturt)
442 2059 532 2128 1787.
555 2060 647 2126 1788.
672 2063 703 2128 8.

193 2152 297 2214 Thom.
318 2149 437 2210 Lauth
463 2150 577 2209 histoire
602 2153 639 2210 de
659 2148 827 2209 l’anatomie.
852 2150 944 2209 Tome
966 2147 987 2206 l.
1013 2147 1187 2224 Strasbonrg
1213 2140 1305 2210 1815.
1331 2141 1363 2205 4.

237 2233 363 2314 (copiose
380 2229 486 2284 disserit
504 2231 537 2282 de
554 2231 667 2285 inventis
684 2230 837 2284 anatomicis
855 2237 882 2284 et
906 2231 939 2284 de
956 2229 1124 2298 systematica
1141 2225 1289 2281 anatomias
1304 2233 1364 2281 tra-

237 2309 366 2420 cplatronep
393 2299 572 2435 compllectipur
595 2307 656 2356 tom.
681 2301 703 2354 I.
728 2298 860 2352 historiam
878 2298 1026 2353 anatomiae
1043 2314 1126 2367 usqne
1143 2297 1177 2350 ad
1194 2297 1364 2362 flariacum

235 2369 260 2420 n'
289 2384 328 2419 am
358 2369 397 2420 ius
432 2384 461 2420 ro
480 2367 519 2422 iit.

192 2385 347 2503 Burchardp
362 2385 455 2498 naim
480 2438 623 2499 Sellius
644 2439 681 2498 de
705 2439 879 2499 anatomicae
902 2439 1050 2500 historicae
1076 2438 1268 2516 scriptoribus.
1308 2436 1367 2496 Ki-

235 2524 292 2584 lou.
319 2518 411 2586 1734.
434 2518 464 2583 4.
489 2528 620 2596 (Errores
645 2528 789 2582 Goelickei
813 2536 842 2581 ot
859 2528 984 2581 Heisteri
1008 2517 1162 2600 notantur.)

192 2610 266 2669 Gco.
287 2609 363 2667 Tol).
389 2609 759 2668 Schwendendcirsfer
779 2611 867 2687 (resp.
891 2609 988 2672 Joach
1015 2606 1106 2667 Andr.
1132 2606 1283 2684 Corvinus)
1303 2625 1367 2665 me-

234 2695 361 2753 dicorum
382 2698 532 2752 anatomen
550 2694 613 2769 jure
628 2695 721 2753 divino
746 2699 776 2752 et
795 2694 917 2752 humano
944 2694 1047 2752 licitam
1068 2710 1138 2751 esse.
1167 2689 1246 2770 Lips.
1270 2685 1365 2752 1663.

235 2774 281 2852 4.;
306 2778 373 2843 ibid.
400 2774 492 2841 1090.
514 2775 543 2842 4.
567 2783 784 2853 (Respondentis
808 2788 898 2852 opus.)

193 2862 285 2941 Chph.
300 2862 373 2937 nlac.
395 2863 497 2922 Trea
527 2863 754 2940 Vertheidigung
782 2864 832 2921 der
858 2860 1008 2920 Anatomie
1034 2858 1123 2918 durch
1148 2859 1229 2919 einen
1254 2859 1366 2937 gri‘md-

234 2947 324 3006 lichen
345 2947 479 3024 Beweiss,
501 2947 566 3004 dass
588 2949 635 3005 dic
655 2946 878 3023 Zergliederung
903 2947 984 3004 derer
1003 2944 1154 3004 Menschen
1176 2944 1237 3003 and
1257 2944 1366 3016 'l'hiere

234 3031 323 3089 sowol
344 3031 384 3089 als
402 3032 453 3088 das
472 3029 659 3088 huibehalten
685 3033 767 3089 deret
787 3029 990 3090 menschlichen
1012 3030 1112 3088 Theile
1126 3029 1204 3089 nicht
1218 3047 1272 3087 nur
1289 3030 1365 3088 nach

197 3184 200 3189 Ι
234 3114 306 3171 allen
328 3113 483 3190 gittlichen
504 3115 562 3171 und
588 3115 791 3174 menschlichen
813 3116 953 3175 Gesetzen
978 3113 1119 3188 erlauhet‚
1144 3115 1270 3174 sondern
1289 3114 1365 3173 auch

234 3216 271 3254 an
290 3197 347 3255 sich
368 3196 490 3256 selbsteu
512 3198 589 3256 nicht
609 3199 776 3259 verichtlich
799 3219 857 3277 sey.
900 3192 1223 3275 Nirrnberg1729s4.

191 3279 261 3339 Phil.
286 3279 340 3339 Ad.
367 3281 493 3340 Ulrich
515 3284 643 3358 quaestio
672 3302 708 3343 an
732 3284 846 3343 medicis
870 3303 990 3364 corpora
1016 3274 1206 3364 peremtorum
1230 3282 1270 3343 ad
1293 3300 1365 3343 aaa

234 3373 329 3425 tomen
350 3367 542 3427 concedenda.
582 3365 662 3446 Lips.
683 3362 778 3430 1733.
802 3362 833 3430 4.

190 3449 236 3514 Jo.
258 3449 357 3513 Joach.
381 3450 525 3509 Gotthard
546 3452 664 3511 Sturm
686 3452 723 3512 de
743 3472 778 3512 eo
798 3451 877 3530 quod
899 3451 1006 3527 justum
1033 3455 1078 3510 est
1103 3448 1177 3511 circa
1201 3455 1363 3511 anatomen.

232 3535 369 3593 Rostoch.
396 3529 486 3595 1755.
515 3531 547 3598 4.
1120 3527 1123 3535 ’
1211 3532 1215 3541 ’

190 3618 237 3681 Jo.
259 3618 323 3684 Nic.
349 3619 444 3678 Held
471 3621 609 3690 Beweiss,
634 3621 701 3678 dass
723 3620 770 3678 die
797 3619 957 3678 iiffentliche
976 3616 1126 3677 Anatomie
1151 3617 1239 3677 einem
1261 3618 1364 3677 Staate

233 3704 417 3780 nothwendig
437 3707 496 3762 und
516 3705 544 3762 in
564 3704 692 3763 Rechten
723 3705 882 3780 gegrrindet
909 3723 967 3781 sey.
1024 3702 1189 3762 Darmstadt
1215 3694 1306 3763 1762.
1329 3698 1361 3760 4.

190 3786 236 3845 Jo.
258 3787 296 3844 Η.
317 3788 489 3851 Heucher
511 3789 596 3869 ,paria
625 3787 773 3865 analyseos
788 3788 1006 3849 mathematicae
1038 3793 1068 3849 et
1095 3785 1268 3850 anatomicos
1292 3787 1363 3852 rata.

194 3866 328 3954 ‘filli't'ela
349 3866 494 3937 nous
596 3868 630 3875 ”
728 3866 730 3871 ’
1199 3894 1212 3905 ’·

409 4057 470 4151 h.
508 4055 750 4171 &ibt-'lc
769 4053 1147 4173 mimici·

190 4218 279 4286 Andr.
311 4224 444 4285 Ottomar
473 4226 649 4285 Goeliclce
673 4226 790 4286 historia
823 4227 982 4287 anatomiae
1007 4246 1083 4287 nova
1111 4242 1204 4305 aeque
1231 4241 1266 4282 ac
1290 4222 1364 4282 anti-

205 4336 209 4341 ·
233 4325 309 4384 qua‚·
323 4328 385 4368 oum
407 4312 515 4371 decade
539 4311 615 4373 obss.
640 4311 721 4390 phys.
741 4317 816 4377 anat.
841 4312 909 4371 chir.
932 4311 999 4374 Hal.
1023 4305 1118 4373 1713.
1140 4304 1362 4384 a-njusd.

232 4392 401 4455 introductio
424 4396 453 4457 in
475 4395 618 4456 historiam
643 4396 806 4459 litterariam
831 4404 977 4459 anatomcs
1001 4415 1052 4456 seu
1076 4390 1244 4474 conspectas
1264 4391 1363 4472 'plero-
