2888 4958
229 278 292 343 190
678 281 937 362 ophthalmiatrice.

270 440 405 495 taractarn
426 435 579 493 sanandam
603 435 753 494 methodos
774 434 920 513 hucusque
943 436 1085 495 institutas
1107 441 1136 494 et
1156 434 1186 495 in
1212 434 1402 494 iustrumenta

272 520 346 578 hunc
369 522 396 577 in
419 540 498 577 usum
519 521 640 584 inventa.
684 520 815 596 Gotting.
840 517 932 584 1821.
958 516 988 584 8.
1025 525 1105 594 (Cum
1127 526 1186 578 tab.
1208 542 1269 578 aen.
1296 524 1401 577 instru-

273 609 359 654 menta
376 602 534 667 exhibente.)

229 672 353 752 Adolph.
382 675 473 733 Fridr.
503 674 753 733 Psotenhauer
781 673 885 754 (praes.
912 674 1069 734 Burkhard.
1102 672 1177 732 Guil.
1202 673 1304 751 Seiier)
1340 675 1399 735 cui-

270 765 378 817 trorum
399 764 634 818 ceratotomorum
655 765 684 817 et
705 761 915 837 cystitomorum
941 762 979 819 ad
1004 758 1203 818 extrahendam
1229 766 1399 819 cataractam

272 845 395 905 historia.
440 845 533 906 Viteb.
558 839 647 906 1805.
668 839 700 906 4.

229 929 315 987 Henr.
337 929 541 987 Lachmann
570 931 812 987 instrumentorum
845 930 883 987 ad
909 947 1028 986 corneae
1052 929 1204 988 sectionem
1231 929 1260 986 in
1289 935 1398 987 catara-

271 1025 333 1074 ctae
354 1016 524 1073 extractione
549 1015 747 1090 perficieudam
767 1015 942 1072 inventorum
971 1014 1120 1091 descriptio
1146 1014 1288 1078 historica.
1321 1015 1397 1074 Diss.

271 1101 365 1176 inaug.
377 1100 449 1158 Cum
460 1095 479 1158 3
490 1099 567 1157 tabi).
579 1118 641 1158 aen.
653 1099 781 1174 Gottiug.
798 1094 891 1162 1821.
903 1095 949 1172 8.;
965 1099 1115 1175 Brunsvig.
1133 1094 1224 1158 1832.
1237 1095 1358 1175 (1834.)
1367 1095 1398 1164 8.

436 1252 525 1333 dd·
576 1250 870 1334 ammoneo
905 1249 1178 1353 pupillae.

228 1390 275 1455 Jo.
295 1389 462 1448 Ehrenfried
487 1390 578 1449 Maur.
607 1388 738 1448 Mirller
765 1391 830 1447 diss.
857 1389 952 1465 inaug.
984 1390 1085 1446 sistens
1122 1388 1316 1446 methodorum
1348 1396 1397 1447 at-

271 1494 327 1552 que
347 1477 593 1534 instrumentorum
617 1475 655 1532 ad
679 1475 813 1552 pupillam
830 1474 1001 1532 artificialem
1021 1475 1197 1532 formandam
1215 1476 1398 1533 inventorum

271 1560 426 1624 historiam.
450 1562 521 1618 Cum
543 1561 600 1622 tab.
623 1578 683 1624 aen,
706 1560 794 1617 Jenae
816 1555 907 1622 1825.
929 1554 961 1618 4.

227 1647 274 1707 W.
300 1644 458 1704 Meusert
483 1645 738 1722 geschiedkondige
751 1645 959 1719 Verhandeling
980 1663 1048 1702 over
1061 1644 1098 1700 de
1119 1644 1244 1720 operatio
1264 1647 1309 1702 tot
1329 1664 1397 1717 vor-

270 1731 349 1806 ming
369 1751 423 1788 vau
444 1751 496 1789 een
518 1731 667 1804 kunstigeu
692 1729 844 1806 oogappel‚
873 1731 1013 1788 benevens
1038 1729 1074 1786 de
1095 1728 1290 1804 Beschrijving
1310 1748 1396 1787 eener

268 1818 377 1874 nieuwe
397 1817 502 1873 monier
523 1834 569 1873 om
594 1815 710 1873 dezelvc
729 1815 802 1872 door
818 1833 887 1872 eene
901 1814 1096 1888 tweevoudige
1109 1814 1270 1872 ofdubhele
1285 1815 1396 1872 Schaat

269 1905 299 1959 te
320 1901 569 1977 bewerkstelligen.
611 1900 753 1962 Amsterd.
797 1893 889 1962 1828.
910 1894 940 1958 8.
979 1896 1314 1961 emunitatem.

225 2119 447 2240 XIX.
515 2119 923 2239 uniordo
977 2118 1202 2239 antis
1250 2119 1393 2243 olr-

580 2275 1040 2395 stetrc‘co'ue.

535 2487 594 2562 a.
666 2462 1080 2562 Gomermttm.

225 2634 302 2695 Frid.
325 2632 460 2690 Kuolle
480 2635 559 2712 epist.
584 2635 621 2692 de
642 2636 709 2692 artis
731 2636 907 2693 obstetricias
928 2636 1052 2698 historia.
1096 2632 1269 2711 Argentinae
1298 2629 1392 2695 1738.

268 2716 315 2793 4.;
336 2719 405 2779 ibid.
432 2712 524 2781 1773.
539 2717 569 2778 4.
592 2725 704 2793 (Brevis
727 2724 863 2778 enarratio
883 2740 969 2794 usque
990 2725 1026 2778 ad
1050 2725 1169 2778 auctoris
1190 2727 1337 2794 tempora.)

225 2807 370 2887 Alphonse
388 2803 475 2862 Louis
500 2806 620 2864 Vincent
644 2804 760 2884 Leroy
782 2807 809 2864 la
829 2807 959 2883 pratique
979 2808 1030 2865 des
1054 2807 1294 2880 accouchements,
1323 2825 1391 2864 con-

267 2897 366 2950 tenant
388 2889 520 2948 l’histoire
541 2892 658 2967 critique
679 2893 716 2950 de
736 2893 763 2950 ia
781 2892 908 2949 doctrine
930 2898 959 2950 et
980 2894 1016 2949 de
1036 2890 1063 2948 la
1085 2893 1215 2970 pratique
1240 2891 1292 2949 des
1313 2891 1392 2969 prin-

268 2977 367 3054 cipaux
395 2976 590 3047 accoucheurs,
614 2978 661 3051 qui
690 2987 740 3036 ont
761 2997 832 3054 paru
859 2977 957 3054 depuis
979 2977 1152 3054 Hippocrate
1174 2975 1269 3052 jusqu’
1292 2974 1310 3033 a
1337 2995 1390 3034 uos

265 3061 352 3136 jours.
416 3054 607 3122 Paris1776.
630 3056 659 3119 8.
683 3094 722 3104 -
752 3061 879 3120 German.
906 3069 972 3123 oert.
999 3068 1024 3120 et
1052 3064 1130 3120 auxit
1154 3061 1201 3120 Jo.
1224 3057 1255 3119 N
1263 3060 1390 3119 osche:

265 3143 489 3202 Literarhistorie
519 3144 578 3201 und
600 3145 770 3221 practischer
791 3146 951 3205 Unterricht
973 3147 1002 3204 in
1030 3149 1081 3205 der
1105 3145 1393 3219 Entbindungskunst

266 3249 293 3288 m
318 3247 340 3290 s,
364 3248 397 3284 w.
419 3226 517 3304 Leipz.
541 3249 568 3289 u.
593 3229 780 3307 Memmingen
803 3226 894 3294 1779.
915 3229 944 3291 8.
981 3244 1110 3312 (Historia
1133 3242 1196 3296 artis
1218 3241 1394 3296 obstetricias

267 3325 351 3378 usque
368 3308 403 3361 ad
420 3309 560 3361 novissima
577 3321 709 3380 tempora3
727 3312 829 3382 reliqua
847 3329 908 3383 pars
925 3314 1026 3384 operis,
1044 3312 1180 3367 mediocris
1197 3317 1285 3376 certe,
1303 3310 1392 3365 lucem

266 3379 395 3450 pubiicum
410 3394 537 3446 uunquam
556 3379 645 3446 vidit.)

223 3453 339 3531 (Pierre)
366 3452 433 3508 Sue
461 3450 498 3526 (le
515 3450 610 3530 jeune)
644 3471 738 3531 essays
764 3453 932 3531 historiques
957 3454 1104 3514 litteroires
1128 3459 1157 3513 et
1182 3453 1315 3530 critiques
1343 3473 1392 3512 sur

265 3539 328 3597 l'art
349 3540 398 3596 des
428 3538 645 3596 accouchemens
668 3559 705 3596 ou
724 3539 885 3597 recherches
909 3558 956 3598 sur
977 3540 1018 3598 les
1043 3545 1197 3616 coutumes,
1218 3538 1259 3597 les
1279 3556 1392 3598 moeurs

265 3632 295 3683 et
314 3624 355 3682 les
377 3641 477 3697 usages
500 3623 550 3680 des
572 3625 684 3682 anciens
709 3629 737 3682 et
761 3624 811 3682 des
833 3625 981 3683 modernes
1005 3626 1076 3682 dans
1102 3625 1144 3684 les
1172 3622 1391 3683 aecouchemens

264 3716 317 3769 etc.
342 3705 452 3766 ivon.
476 3704 553 3764 Paris
574 3702 662 3770 1779.
685 3703 716 3768 8.
740 3743 779 3754 -
803 3707 945 3768 German:
968 3709 1101 3768 Gelehrte
1115 3730 1141 3768 u.
1168 3709 1298 3767 kritische
1318 3708 1392 3767 Ver-

263 3793 350 3852 suche
371 3793 446 3850 einer
471 3791 637 3851 Geschichte
659 3795 710 3851 der
730 3793 939 3856 Geburtshiilfe.
961 3791 1103 3854 uuanda.
1125 3786 1389 3871 Alteuburgl'issfi.

264 3872 355 3938 1787-
382 3872 411 3934 8-
431 3890 555 3960 (copiosa
573 3891 619 3944 sed
637 3908 687 3943 non
705 3890 770 3944 satis
784 3898 909 3945 accurata
927 3890 1086 3962 disquisitio,
1105 3908 1173 3961 quae
1191 3889 1271 3944 etiam
1287 3890 1389 3944 iuver-

264 3959 337 4013 riouo
355 3959 444 4012 Germ.
463 3959 552 4012 melior
569 3962 640 4012 facta
658 3976 709 4013 non
727 3963 788 4027 est.)

220 4032 279 4095 Jos.
315 4032 503 4107 Weydlich
542 4031 635 4091 Lehre
661 4035 711 4090 der
739 4033 937 4091 Geburtshilfe.
960 4029 988 4092 1.
1010 4032 1101 4093 Theil.
1134 4032 1219 4092 Wien
1242 4026 1336 4093 1797.
1359 4025 1388 4089 8.

264 4112 418 4180 (Historiam
438 4112 552 4165 continet
569 4113 634 4166 artis
653 4114 820 4167 obstetriciae
837 4132 888 4167 uon
906 4115 972 4167 adeo
989 4116 1077 4183 magui
1094 4112 1265 4180 faciendam)

220 4185 328 4249 Friedr.
351 4186 432 4261 Benj.
459 4186 638 4244 Osiander
666 4186 815 4246 Lehrbuch
842 4189 894 4246 der
919 4186 1214 4264 Entbiuduugskunst.
1244 4183 1273 4245 l.
1296 4185 1388 4246 Theii.

262 4270 460 4330 Litterarische
487 4273 545 4329 und
565 4273 769 4349 pragmatische
794 4272 962 4332 Geschichte
987 4274 1077 4332 dieser
1096 4272 1201 4331 Kunst.
1230 4271 1389 4349 Gdttingen

263 4350 355 4414 1799.
381 4352 410 4415 8.
434 4367 520 4437 (Opus
539 4369 675 4438 diligenter
693 4378 720 4426 et
737 4372 771 4425 ad
786 4372 868 4426 bonos
881 4373 967 4426 fontes
979 4371 1155 4442 compositum,
1174 4368 1288 4440 partium
1300 4367 1386 4423 studio

263 4435 390 4491 interdum
407 4438 482 4492 nimis
498 4438 644 4505 intentum.)
