2888 4958
511 302 652 364 Medicina
672 306 791 385 publica.
1181 310 1244 374 ΞΠ

116 451 179 507 sitio
198 452 233 507 ds
255 451 405 507 conditione
427 451 585 507 medicorum
609 455 680 525 apud
703 455 847 519 Romanos,
866 455 892 509 in
911 472 963 526 qua
981 457 1108 531 pleraque
1126 478 1194 532 quas
1211 464 1244 518 de

117 522 171 576 hac
184 522 232 577 lits
248 524 351 593 scripta
365 530 426 576 suut
448 531 573 577 accurata
591 532 619 576 ct
636 525 748 593 ingenue
766 525 961 595 dijudicantur.)

71 594 118 654 Jo.
146 596 217 655 Era
243 596 487 655 Hebenstreit
519 616 615 674 progr.
645 599 683 656 de
712 599 827 657 medicis
854 599 996 658 archiatris
1022 608 1052 659 et
1077 605 1244 679 professori-

116 681 180 815 pus.
201 678 293 813 leps.
311 674 417 829 )1741.
438 675 468 740 4.
515 686 626 755 (agitur
652 687 687 739 de
711 687 855 741 archiatris
883 690 932 742 sub
962 689 1172 760 imperatoribus
1195 712 1244 747 ve-

131 780 183 816 ens
227 780 309 817 omae.

73 833 120 893 Jo.
154 835 285 894 Gttwald
315 832 478 894 Nenbcrt
499 840 649 897 comment.
671 838 709 895 de
735 837 859 895 adversis
887 839 1059 899 medicorum
1079 841 1144 899 satis
1166 845 1244 922 apud

116 919 274 981 Romanos.
307 920 370 979 Jen.
391 914 483 979 1756.
509 915 539 979 4.

73 1002 151 1081 Aug.
173 1004 232 1067 Gli.
256 1005 408 1064 Richter
438 1008 539 1083 (praes.
560 1004 632 1066 Geo.
645 1004 709 1062 Glo.
724 1004 850 1077 Richter)
869 1007 959 1083 prisca
987 1008 1080 1067 Roma
1105 1010 1132 1068 iu
1155 1013 1244 1071 medi-

117 1109 168 1148 cos
189 1109 257 1148 suos
278 1091 356 1149 haud
380 1090 484 1166 iniqua.
507 1089 637 1165 Gotting.
659 1083 793 1154 17644.
805 1091 942 1149 —Redit
955 1095 986 1151 in
1006 1093 1100 1153 Praes.
1121 1096 1242 1176 Opuscc.

115 1174 181 1235 Vol.
207 1174 245 1234 11.

74 1257 121 1318 Jo.
135 1257 248 1322 Ludov.
264 1257 338 1316 Guil.
359 1258 455 1316 Beck
485 1252 571 1341 (resp.
590 1260 676 1317 fratre
701 1258 768 1318 Chr.
791 1259 823 1318 F.
850 1260 888 1318 H.
912 1262 1002 1338 Beck)
1034 1263 1244 1326 observationes

117 1344 156 1403 de
182 1345 375 1404 Romanorum
404 1344 547 1421 disciplina
574 1344 684 1421 publica
711 1345 836 1418 medica,
868 1348 905 1405 ad
931 1348 1096 1406 illustranda
1120 1357 1245 1411 veterum

116 1430 286 1507 scriptorum
310 1434 339 1487 et
357 1429 427 1503 juris
449 1429 533 1486 civilis
555 1428 627 1489 loca.
666 1426 744 1507 Lips.
779 1425 870 1489 1809.
906 1427 935 1490 4.
969 1435 1141 1509 (Disquisitio
1164 1442 1246 1495 docta

119 1510 155 1564 ad
171 1511 217 1579 jus
234 1510 308 1562 Rom.
327 1510 466 1579 praecipue
487 1509 639 1579 pertinens.)

77 1582 145 1642 Em.
168 1584 282 1643 Theod.
308 1582 436 1661 Gaupp
462 1584 499 1640 de
524 1581 728 1661 professoribus
756 1590 784 1641 et
811 1583 924 1642 medicis
953 1605 1107 1662 eorumque
1133 1590 1245 1667 privile-

118 1669 174 1745 giis
195 1669 224 1726 iu
247 1668 308 1743 jure
326 1667 454 1726 Romano
477 1668 645 1727 dissertatio.
678 1668 760 1744 Spec.
784 1665 805 1730 1.
840 1670 986 1727 Vratislav.
1010 1667 1100 1735 1827.
1123 1671 1152 1733 8.
1179 1679 1246 1747 (Au

121 1748 204 1803 otoria
229 1749 287 1802 ICti
310 1765 376 1817 opus
399 1748 526 1801 eruditum
551 1748 631 1800 multa
655 1748 770 1801 continet
793 1750 828 1802 ad
846 1751 997 1804 medicinam
1014 1752 1116 1808 Romae
1132 1757 1245 1824 veteris3

119 1819 169 1875 cfr.
187 1817 297 1887 allgem.
317 1818 407 1874 medic.
425 1819 517 1873 Annal.
538 1816 615 1882 1828,
632 1833 694 1886 pag.
709 1816 782 1884 428.)

76 1890 143 1954 Car.
176 1891 250 1950 Just.
282 1890 477 1949 Goldhoru
509 1891 577 1950 diss.
600 1891 693 1965 inaug.
723 1891 760 1947 de
785 1890 927 1949 archiatris
956 1893 1093 1952 Romanis
1122 1896 1188 1955 inde
1209 1897 1245 1955 ab

119 1996 217 2120 {tlt
236 1976 462 2132 891ιῖ196
472 1974 873 2116 ..3⁶..l'it3lttiltt
876 1977 921 2130 3¹¹³
947 1980 1133 2038 ⁰⁰⁰³³⁸¹¹‘³¹i⁵'
1168 1980 1245 2060 ³¹³⁸·

79 2147 124 2206 Jo.
148 2109 238 2205 Hedr.
259 2105 416 2205 ldeibom
445 2083 542 2221 lhagni
564 2083 667 2201 Agurelii
689 2081 876 2216 Cassiodori,
888 2143 924 2203 V.
944 2144 991 2217 0.,
1012 2147 1133 2205 formula
1157 2151 1245 2206 comi-

121 2231 158 2289 tis
178 2230 388 2305 archiatrorum,
404 2231 601 2288 commentario
619 2228 763 2289 illustrata.
787 2229 945 2293 Helmstad.
958 2225 1049 2289 1668.
1061 2228 1091 2290 4.
1106 2266 1146 2278 -
1162 2233 1246 2293 Liber

120 2336 218 2388 raum
227 2315 277 2394 cfr.
288 2314 375 2374 Dent
381 2339 394 2374 a
403 2313 676 2391 Mcrlrwie'rdigleiten
687 2314 735 2371 der
750 2315 934 2373 Garellischen
950 2313 1082 2376 Biblioth.
1090 2336 1160 2394 pag.
1172 2315 1245 2379 240.

123 2398 223 2463 (Locus
246 2397 273 2450 iu
298 2397 449 2451 Cassiodori
473 2396 603 2448 variarum
625 2395 711 2463 libris,
736 2396 753 2448 l.
774 2395 818 2447 VI.
837 2413 894 2465 cap.
914 2395 968 2452 19.=
988 2399 1078 2462 „inter
1092 2401 1247 2453 utilissimas

122 2475 196 2519 artes
215 2484 280 2535 pauc
298 2468 335 2518 nd
350 2467 552 2518 sustentandam
570 2466 703 2516 humanae
715 2466 885 2535 fragilitatis
903 2473 950 2518 etc.
961 2496 994 2504 —
1010 2471 1111 2534 qualern
1130 2487 1177 2520 nos
1194 2471 1246 2522 bn·

123 2538 184 2589 bere
203 2553 257 2587 non
272 2538 417 2604 probamur
436 2536 465 2586 in
483 2537 628 2597 caeteros,“
654 2549 710 2586 cum
736 2533 820 2602 amplo
839 2533 972 2586 Meibomii
991 2536 1099 2588 senioris
1118 2555 1246 2591 commen·

124 2605 203 2667 meio,
221 2602 256 2657 86
274 2622 371 2673 pagg‚,
396 2604 441 2673 qui
464 2603 497 2655 de
519 2602 547 2655 ri
570 2602 644 2655 vocis
667 2603 807 2655 Archiater
830 2611 857 2654 ct
881 2603 914 2655 de
931 2602 1073 2657 honoribus
1090 2607 1247 2659 medicorum

124 2674 196 2745 apud
215 2680 320 2727 veteres
337 2673 402 2742 agit.
422 2672 497 2742 Opus
514 2671 677 2741 posthumum
694 2671 763 2725 filius
780 2671 909 2724 Henricus
923 2672 1023 2740 edidit.)

82 2915 142 3012 d.
200 2911 629 3011 Medicorum
656 2910 900 3007 merito
935 2911 1010 3010 inc
1025 2914 1247 3033 jorm-

436 3045 890 3170 praudentium.

82 3273 150 3333 Car.
172 3271 238 3330 Gla.
261 3270 363 3329 Kiihn
383 3291 482 3349 progr.
506 3272 543 3330 de
563 3271 734 3329 medicorum
755 3270 859 3329 meritis
883 3271 911 3328 iu
931 3269 1167 3349 jurisprudentiae
1186 3278 1247 3332 stu-

123 3359 214 3419 dium.
242 3354 319 3434 Lips.
343 3351 436 3418 1814.
459 3352 488 3415 4.
513 3390 557 3400 -
580 3355 668 3413 Redit
688 3358 718 3413 in
742 3354 842 3430 Ejusd.
869 3375 981 3434 opuscc.
1008 3358 1109 3419 acadd.
1139 3357 1202 3418 Vol.
1224 3357 1246 3419 1.

123 3435 218 3503 1887.
239 3461 267 3518 p.
288 3435 352 3500 362
363 3473 403 3483 -
415 3435 487 3503 367.
521 3446 610 3515 (Petr.
632 3445 742 3511 Baldus‚
759 3445 853 3500 Herm.
871 3445 1003 3513 coming,
1025 3446 1102 3502 Paul.
1121 3444 1246 3511 Rachiae,

122 3523 207 3577 atich.
226 3520 524 3587 murmurantium
546 3522 647 3575 Albcrti
664 3521 729 3587 alii.)
829 3567 830 3570 ,

79 3598 150 3656 Sim.
171 3597 269 3655 Herm.
290 3594 460 3654 Musaeus
485 3597 521 3654 de
542 3595 722 3673 Hippocratis
744 3596 774 3652 in
795 3594 859 3669 jure
886 3600 946 3652 tum
968 3593 1101 3650 canoruco
1126 3599 1187 3650 tum
1208 3593 1247 3650 ci-

77 3742 80 3747 ,
122 3681 171 3740 vili
191 3680 370 3741 authoritate.
404 3679 495 3741 Giess.
518 3675 610 3739 1680.
629 3676 659 3738 4.

79 3766 150 3826 Chr.
172 3766 293 3824 Godot'r.
320 3764 461 3823 Gruner
484 3765 645 3823 Pandectae
670 3763 794 3821 medicae
818 3780 841 3825 s.
866 3760 1005 3819 succincta
1027 3760 1173 3839 explicatio
1201 3781 1247 3820 re-

121 3871 186 3913 rum
220 3849 389 3908 medicatum
424 3850 453 3907 in
480 3849 719 3924 institutionibus,
758 3846 898 3922 Digestis,
935 3842 1062 3903 Novellis
1094 3846 1246 3906 obviatum.

119 3935 185 3999 Jen.
207 3929 299 3995 1801.
321 3929 411 3996 1808.
436 3929 466 3998 8,
767 3942 772 3953 ’

78 4020 156 4083 Dan.
179 4020 265 4083 Wilh.
287 4018 422 4078 Triller
447 4038 542 4096 progr.
569 4016 704 4075 1.-111.
731 4017 768 4074 de
791 4014 945 4092 publicanis
966 4020 995 4073 et
1018 4015 1200 4090 vectigalibus
1217 4016 1246 4073 in

122 4105 180 4182 leg.
204 4103 282 4164 xvi.
306 4101 333 4182 §.
356 4098 384 4164 7.
406 4103 517 4180 Digest.
539 4102 631 4165 Viteb.
656 4094 898 4160 1777-1778.
924 4095 953 4157 4.

79 4191 166 4254 hiiah.
188 4187 332 4249 Alberti
357 4188 554 4247 commentatio
576 4189 605 4245 in
630 4186 865 4244 constitutionem
887 4183 1063 4242 Criminalem
1089 4183 1246 4242 Carolinam

123 4276 244 4348 medica,
269 4274 351 4331 variis
373 4274 459 4331 titulis
476 4278 504 4332 et
528 4273 648 4330 articulis
669 4271 777 4337 ratione
798 4278 827 4328 et
856 4269 1023 4346 experientia
1051 4268 1192 4346 explicatis
1218 4276 1248 4326 et

124 4360 295 4419 mniirmatis
319 4359 535 4438 comprehensa,
566 4356 804 4415 observationibus
836 4354 943 4412 selectis
963 4352 1110 4426 illustrata,
1139 4352 1247 4411 multis-

124 4464 181 4522 que
200 4444 368 4505 testimoniis
387 4444 512 4520 juridicis
535 4449 564 4502 et
587 4441 700 4501 medicis
721 4441 839 4520 prolata.
867 4438 932 4500 Hal.
959 4432 1051 4498 1739.
1070 4433 1099 4496 4.

976 4533 1041 4598 14*
