2888 4958
201 307 265 376 116
655 307 796 370 Medicina
824 309 928 370 clinica

244 462 489 526 derveneriseheu
510 461 712 528 Krunkheiten.
755 460 1063 540 Stnttg.u.Ti1bing.
1091 455 1184 520 1825.
1205 456 1237 520 8.
1271 463 1379 532 (Bonas

246 547 294 601 sed
311 564 363 599 nou
381 546 413 598 nd
432 545 509 596 linem
526 545 668 615 perductus
686 545 803 598 eontinet
821 544 1016 613 disquisitiones
1034 543 1067 595 de
1083 541 1195 596 historia
1211 542 1307 613 syph.)

203 620 339 679 Alexand.
361 617 505 677 Dubled
531 637 604 696 coup
632 616 716 677 d’oeil
742 618 897 692 historique
922 637 971 674 sur
995 616 1024 673 la
1047 615 1168 674 maledie
1195 617 1377 675 veuerieuue.

244 705 325 763 Paris
343 699 438 762 1825·
450 697 479 760 8·
503 715 574 782 (Cir.
606 716 728 783 Ejusd.
750 717 899 783 exposition
914 716 946 767 de
962 717 990 768 ln
1006 716 1128 767 sussello
1142 715 1265 768 doctrina
1281 728 1330 766 sss
1347 715 1377 766 ln

245 788 310 839 mol.
330 802 389 840 ses.
423 783 498 836 Puris
517 783 592 837 1829.
609 784 648 847 8.;
667 800 780 852 germen
798 784 890 854 Leipz.
912 783 986 840 1830.
1003 782 1041 847 8.)

202 856 240 918 Δ.
268 858 329 916 Pet.
351 858 394 915 de
416 856 611 932 Jurgenew
630 859 695 915 diss.
724 857 824 916 sistens
851 858 904 915 luis
926 874 1061 915 venereae
1084 855 1163 932 apud
1187 854 1308 914 Veteres
1327 872 1376 911 re-

245 944 337 1019 sngta.
374 941 491 1018 uorpat.
518 936 608 1001 1826.
630 936 661 1001 8.
695 954 764 1021 (cn.
784 955 854 1008 ιιιιι
871 955 928 1008 ..ι
949 952 1048 1022 cm
1063 953 1128 1009 erte.
1147 953 1292 1022 ιιιμιιω.
1302 954 1330 1019 5.
1347 949 1374 1005 a.

246 1024 406 1089 milisende,
427 1023 479 1074 Brl.
497 1021 540 1076 20.
557 1025 585 1078 S.
605 1022 677 1088 141.)

202 1097 239 1163 1³.
264 1098 299 1154 C.
323 1097 439 1170 Hergt
466 1093 651 1169 Geschiohte,
680 1094 866 1154 Erkeuntniss
890 1095 949 1153 und
970 1093 1096 1170 Heilung
1119 1093 1171 1151 der
1188 1091 1372 1152 Lustseuehe

245 1179 527 1257 inauguralabhandl.
548 1180 694 1238 Hadamar
710 1179 886 1258 (Weilburg)
912 1174 1004 1242 1826.
1026 1174 1057 1239 8.

203 1266 312 1329 Friedr.
338 1264 474 1323 Alexand.
496 1264 617 1323 Simon
639 1265 721 1341 (jun.)
739 1265 809 1322 dher
824 1265 879 1323 den
896 1264 1035 1322 Sublimat
1053 1263 1113 1322 und
1128 1263 1176 1322 die
1195 1261 1373 1321 inuuefions-

245 1371 303 1411 eur.
346 1351 401 1408 Ein
422 1350 727 1408 historisch-lrritiseher
747 1350 883 1409 Versuch.
926 1342 1187 1424 Hamhurg1826.
1211 1344 1241 1406 8.

203 1469 252 1483 -
272 1469 315 1480 -
335 1434 462 1494 Versnch
484 1435 558 1493 einer
579 1436 642 1493 krit.
670 1433 840 1493 Gesehichte
863 1435 915 1491 der
935 1434 1225 1510 verschiedenartigen
1247 1430 1371 1490 hesoud.

249 1521 382 1580 unreinen
406 1519 603 1594 Behaltnngeu
625 1520 652 1577 d.
669 1517 935 1577 Geschlechtstheile
955 1538 983 1576 u.
1009 1519 1083 1576 ihrer
1102 1517 1280 1594 Umgegeud,
1299 1515 1372 1572 oder

246 1608 298 1665 der
318 1603 452 1662 drtlichen
472 1602 621 1677 Lnstiibel,
642 1603 695 1664 seit
718 1606 770 1663 der
796 1603 916 1661 iltesten
942 1604 983 1660 bis
1012 1604 1065 1661 aus
1082 1602 1129 1660 die
1156 1606 1272 1661 neueste
1295 1599 1372 1672 Zeit,

246 1693 305 1749 und
326 1690 400 1746 ihres
424 1687 627 1747 Verhdltnisses
655 1708 692 1746 zu
722 1691 773 1746 der
800 1689 882 1745 Ende
912 1689 964 1744 des
991 1686 1054 1745 XV.
1084 1686 1291 1745 Jahrhunderts
1328 1702 1373 1741 er·

245 1775 410 1833 schieueneu
434 1770 608 1832 Lnstsenche
632 1794 660 1832 ιι.
686 1792 708 1831 s.
734 1793 769 1836 w.
798 1769 906 1832 nude.
944 1772 1094 1848 Hamburg
1114 1767 1208 1830 1830.
1232 1763 1322 1828 1831.
1340 1763 1371 1826 8.

248 1855 289 1921 (Ιιι
307 1854 467 1923 temporibus
484 1854 597 1923 antiquie
615 1855 763 1907 Grunerum
780 1871 871 1923 presso
891 1853 960 1922 pede
976 1853 1096 1922 sequitur
1113 1859 1140 1906 et
1156 1850 1325 1915 Heusleruur,
1342 1848 1372 1901 iu

247 1922 436 1977 recentioribus
454 1931 578 1992 excerpts
596 1924 745 1993 plerumque
762 1923 892 1989 exhibet.)

202 1995 291 2056 Murie
312 1994 404 2054 Nicol.
425 1995 606 2073 Devergie
631 1994 715 2072 (sen.)
736 1995 898 2054 recherches
919 1994 1088 2070 historiques
1106 1998 1136 2052 et
1156 1991 1306 2053 medicales
1323 2009 1371 2048 sur

246 2079 385 2158 l‘origine,
404 2080 432 2139 lu
451 2087 557 2145 nature
566 2086 594 2140 et
622 2080 649 2140 le
671 2081 829 2140 truitemeut
857 2081 893 2138 de
917 2078 945 2137 la
969 2079 1094 2158 syphilis.
1123 2078 1202 2137 Paris
1226 2071 1317 2140 1834.
1339 2070 1370 2134 8.

245 2168 334 2226 Antea
351 2169 381 2223 in
401 2163 523 2225 Annales
545 2167 583 2224 de
605 2165 729 2225 lamed.
753 2165 873 2244 physiol.
896 2159 988 2223 1834.
1016 2197 1059 2208 -
1087 2163 1171 2240 Angl.
1192 2167 1259 2225 sert.
1295 2160 1370 2220 John

246 2250 364 2310 Sinclair
383 2248 498 2311 lunes.
541 2249 645 2313 Edinb.
671 2251 728 2308 and
755 2248 849 2308 Lond.
880 2244 970 2309 1837.
994 2243 1044 2308 18.

202 2335 279 2395 hlux.
302 2332 412 2393 Ludov.
441 2333 598 2394 Schranlr
620 2335 657 2392 de
681 2335 733 2392 luis
759 2352 896 2393 venereae
919 2334 1087 2410 antiquitate
1113 2337 1143 2390 et
1173 2330 1282 2407 ougine
1302 2330 1371 2392 diss.

243 2419 338 2492 inaug.
359 2416 506 2475 Rutisbon.
528 2425 558 2475 et
577 2416 707 2479 Monaeh.
736 2414 825 2478 1834.
850 2414 882 2478 8.
907 2431 981 2493 (Nou
994 2449 1027 2485 εχ
1038 2429 1371 2484 americuoriundmesse

243 2496 407 2568 syphilidaun
425 2498 471 2551 sed
489 2497 617 2551 diversam
636 2498 738 2552 omnino
762 2516 820 2553 esse
842 2498 908 2552 luem
926 2517 1063 2554 veneream
1081 2499 1253 2553 recentiorum
1267 2497 1371 2552 abillis

245 2566 458 2637 symptomstibus
475 2566 596 2636 syphilidi
614 2567 749 2633 similibus,
766 2583 834 2638 qnae
846 2568 915 2635 apud
935 2581 1038 2624 veteres
1054 2572 1217 2634 occurrunt.)

201 2641 247 2701 Jo.
273 2638 348 2700 Guil.
374 2637 404 2696 Η
411 2639 576 2698 entschel
599 2641 738 2717 quaedum
760 2643 798 2699 de
818 2641 934 2700 historia
955 2649 983 2702 et
1001 2640 1268 2721 naturasyphilidis.
1290 2630 1369 2703 Dias.

244 2725 337 2801 inaug.
359 2723 426 2786 Hal.
450 2719 540 2783 1834.
563 2720 594 2784 8.
1053 2748 1057 2759 ·

201 2810 290 2871 Math.
315 2809 333 2866 J
339 2810 428 2869 audt
448 2811 484 2868 de
504 2809 550 2869 lue
564 2815 688 2869 veterum
703 2815 732 2867 et
752 2810 904 2868 tenentium
919 2811 986 2874 diss.
998 2812 1094 2888 inaug.
1119 2808 1250 2870 Mounoh.
1273 2802 1368 2869 1834.

243 2890 273 2953 8.
293 2900 394 3026 ibim
405 2907 527 2952 veterum
538 2918 560 2956 s.
573 2900 710 2971 antiquum
724 2916 808 2969 usque
819 2901 855 2952 nd
865 2917 961 2953 annum
975 2900 1042 2956 1494
1053 2902 1188 2954 diversam
1200 2915 1263 2953 esse
1273 2916 1292 2952 a
1300 2914 1370 2951 vera

242 2994 256 3030 s
311 2975 380 3031 ilie.

198 3045 246 3107 Jo.
256 2981 550 3104 yIllriedr.l0esterl
560 3066 601 3105 en
623 3047 915 3107 historisch-lrritisehe
927 3049 1108 3126 Darstellung
1124 3050 1174 3108 des
1184 3047 1287 3107 Streits
1299 3046 1371 3104 ibes

243 3129 428 3271 ilise3glin8heit
455 3130 525 3188 oder
549 3129 688 3190 Mehrheit
718 3133 770 3191 der
800 3134 979 3193 venerischen
1012 3135 1179 3210 Contagien.
1222 3134 1371 3208 stuttgart

199 3297 259 3358 Jos.
281 3296 367 3360 Ferrl.
388 3296 544 3357 Masarei
574 3300 639 3362 diss.
667 3301 726 3359 sist.
751 3309 962 3378 argumentum,
994 3304 1110 3363 morbos
1139 3319 1271 3363 venereos
1299 3317 1369 3360 esse

242 3381 357 3441 morbos
375 3381 514 3458 antiquos.
556 3383 656 3442 Vienn.
678 3380 771 3446 1837.
793 3382 823 3451 8.

200 3467 275 3545 Aug.
297 3469 463 3526 Zennaro
486 3469 551 3527 diss.
578 3470 672 3546 inaug.
698 3470 735 3527 de
759 3472 903 3548 syphilidis
928 3473 1095 3550 antiquitate
1116 3477 1146 3532 et
1172 3491 1209 3531 au
1232 3469 1270 3528 sit
1288 3486 1368 3527 sem·

242 3573 292 3633 per
317 3553 448 3631 contagio
470 3554 626 3617 tribuenda.
669 3553 767 3619 Patav.
791 3552 880 3617 1837.
907 3553 936 3616 8.

199 3638 256 3698 Jul.
281 3639 504 3699 Roseubaum
531 3638 699 3698 Geschiehte
730 3641 781 3698 der
811 3640 992 3701 Lnstsenche.
1023 3636 1050 3699 1.
1079 3641 1170 3700 Theil.
1202 3636 1254 3697 Die
1274 3633 1368 3694 Lust-

243 3725 344 3784 seuche
372 3726 408 3783 im
429 3721 611 3783 Alterthume.
637 3722 744 3797 (Etiam
759 3727 805 3783 sol
826 3727 921 3785 titulo:
946 3726 1002 3785 Die
1022 3724 1196 3784 Lnstseuohe
1212 3723 1249 3780 im
1269 3717 1368 3778 Alter-

240 3807 346 3884 thume,
371 3811 417 3868 fur
436 3808 540 3869 herste
555 3830 582 3871 ιι.
597 3804 896 3870 Alterthumsforscher
917 3810 1101 3887 dargestellt.)
1122 3808 1207 3868 Helle
1228 3800 1320 3866 1839.
1333 3800 1367 3868 8.

197 3878 201 3885 ’
244 3888 389 3958 (copiosus
407 3898 435 3943 et
448 3891 565 3943 eruditae
583 3888 797 3958 disquisitiones.)

199 3957 233 4016 C.
255 3959 294 4021 H.
322 3959 397 4036 Aug.
423 3961 589 4022 Moeelrel
611 3981 684 4039 quae
712 3965 795 4022 suerit
816 3963 959 4042 syphilidis
984 3965 1073 4031 forma
1095 3962 1132 4021 ad
1159 3960 1245 4020 seculi
1265 3958 1368 4017 decimi

240 4044 331 4119 quinti
358 4045 452 4123 finem,
478 4048 627 4122 quaeritur.
672 4045 747 4105 Diss.
775 4049 868 4124 inaug.
893 4049 989 4108 histor.
1011 4049 1085 4105 med.
1113 4044 1192 4124 Lips.
1217 4039 1310 4104 1841.
1335 4039 1367 4102 8.

243 4124 428 4190 (Collectiones
442 4126 594 4195 scriptorum
605 4127 637 4179 de
646 4128 775 4197 syphilide
788 4139 938 4182 enumerant
953 4126 1135 4197 prolegomene
1149 4127 1184 4180 ud
1195 4127 1273 4180 Hier.
1284 4125 1367 4178 Fru-

244 4195 377 4246 nastusi
383 4195 393 4246 ι’
410 4212 514 4247 carmen
532 4197 564 4248 de
582 4199 670 4248 morto
685 4199 795 4267 gallico.
829 4199 902 4268 Isips.
925 4198 999 4252 1830.
1016 4197 1054 4263 8,)

198 4259 477 4342 Meyer-Absens
499 4268 713 4342 geschichtliche
738 4268 860 4329 Notizen
884 4272 955 4330 iiber
979 4271 1030 4327 das
1045 4268 1194 4327 Austreten
1210 4267 1263 4324 der
1277 4263 1368 4324 Lust-

240 4348 341 4407 seuche
363 4351 390 4407 in
412 4352 463 4408 der
484 4352 610 4410 Schweiz
637 4356 695 4412 und
720 4355 767 4413 die
792 4375 884 4432 gegen
910 4357 955 4413 die
977 4355 1088 4412 weitere
1102 4351 1295 4426 Ausbreitung
1313 4351 1369 4408 der

238 4428 393 4492 Kraulrheit
403 4435 432 4492 in
443 4437 493 4493 der
503 4436 630 4497 Schweiz
644 4438 703 4496 und
714 4441 880 4499 numeutlich
894 4440 931 4499 im
944 4439 1055 4498 Canton
1070 4436 1175 4496 Zi'nieh
1186 4435 1370 4512 getroii'eneu

785 4752 800 4786 Q
