2888 4958
214 301 259 367 64
632 305 772 366 Medicina
792 306 876 366 medii
897 306 968 366 aeri.

511 488 566 547 llll.
626 491 805 545 Basilius
842 492 1087 546 Valentino.

218 604 290 663 Gen.
313 596 421 673 Wolfg.
444 595 566 656 Wedel
597 598 635 656 de
656 597 762 656 Basilio
794 597 944 656 Valentino
964 618 1031 657 vero
1053 597 1160 656 artifice
1181 598 1300 675 ejusque
1321 603 1387 660 scri·

259 682 430 830 pItishecJep.
457 677 547 742 1704.
575 677 605 741 4.
627 717 670 727 -
690 682 787 740 Recto.
809 685 840 740 in
860 683 960 742 Wedel
981 703 1070 742 exerc
1094 684 1168 742 med
1182 685 1280 762 philol.
1304 685 1386 748 Ceut.

217 855 413 918 Herrm.Frid.
424 851 488 912 Tei
497 851 536 908 ch
545 870 662 929 meyer
681 852 718 909 de
730 851 865 928 rhythmis
873 851 967 909 Basilii
974 852 1123 912 Valentini.
1136 848 1386 916 Jen.1733-34.

259 938 286 994 4.
322 937 390 1005 (cu.
408 933 603 987 Schmieder
622 932 779 986 Geschicbte
796 933 844 986 der
864 933 997 988 Alcbemie
1011 951 1080 1007 pag.
1100 933 1259 1004 197-209.)

703 1119 733 1190 β.
768 1126 898 1176 Melici.

529 1238 587 1296 ΑΔ.
641 1239 797 1294 Plinius
830 1241 1072 1296 Valerianus.

217 1352 290 1411 Just
313 1349 435 1410 Godofr.
458 1345 561 1403 Girnz
586 1347 623 1404 de
647 1352 762 1406 anctore
783 1347 876 1424 operis
898 1348 934 1406 de
951 1367 982 1407 re
996 1349 1104 1407 medica
1117 1347 1206 1424 rnlgo
1217 1346 1309 1407 Plinio
1326 1349 1388 1408 Va·

261 1435 366 1495 leriano
397 1431 538 1510 adscripti.
581 1428 658 1508 Lips.
683 1425 773 1491 1736.
799 1426 828 1490 4.
874 1437 992 1507 (Neque
1013 1438 1130 1490 Plinium
1149 1439 1279 1506 majorem
1300 1457 1387 1509 neque

260 1516 326 1571 Plio.
345 1512 519 1576 Valerianum,
537 1512 676 1564 secundum
692 1512 883 1581 inscriptionem
901 1515 970 1583 apud
989 1516 1097 1569 Gruter.
1115 1513 1176 1583 635,
1196 1515 1221 1580 1,
1249 1516 1298 1568 sed
1319 1517 1387 1568 Gal-

259 1586 311 1639 lum
329 1584 455 1653 quendam
473 1581 648 1634 Christianum
666 1582 752 1651 paullo
770 1591 830 1634 ante
848 1582 1000 1636 Marcellum
1012 1585 1170 1653 Empiricurn
1183 1592 1319 1638 auctorem
1329 1603 1387 1638 esse

261 1655 330 1708 illius
348 1652 443 1717 libelli3
471 1651 642 1703 Siburiurn
661 1668 719 1704 esse
737 1652 875 1718 conjicitur
893 1670 925 1704 ex
944 1652 1064 1706 Marcelli
1081 1653 1180 1724 Empir.
1198 1654 1258 1707 loco
1271 1654 1298 1706 in
1311 1671 1388 1725 prae-

260 1724 373 1777 fatione:
394 1721 449 1775 Nec
463 1722 548 1774 solum
566 1726 667 1774 veteres
681 1722 829 1774 medicinae
847 1729 968 1774 auctores
986 1725 1047 1790 etc.)

529 1857 584 1912 BB.
645 1858 835 1927 Apuleius
859 1828 1068 1914 Borboros.

219 1966 253 2026 C.
275 1965 310 2025 E.
333 1964 400 2023 Chr.
422 1963 626 2024 Schneider
656 1983 752 2042 progr.
786 1965 937 2043 descriptio
962 1964 1065 2024 codicis
1087 1965 1269 2024 vetustissimi
1290 1965 1320 2024 in
1346 1965 1388 2024 bi-

260 2050 399 2110 bliotheca
430 2049 588 2108 academica
615 2050 747 2108 asservati
772 2070 835 2108 cum
863 2051 1068 2127 precationibus
1097 2051 1266 2127 quibusdam
1293 2069 1329 2109 ex
1353 2070 1386 2110 eo

261 2136 352 2196 euius.
395 2134 507 2194 Vratisl.
531 2129 621 2194 1839.
647 2129 676 2197 4.
720 2139 811 2207 (con.
831 2141 942 2194 membr.
964 2156 1037 2194 saec.
1058 2139 1108 2193 rx.
1128 2139 1240 2211 npuejr
1261 2141 1388 2207 nnana,

262 2216 339 2273 Sexti
355 2214 449 2270 Placiti
466 2222 495 2268 et
512 2213 724 2269 Pseudo-Musae
741 2216 867 2283 quaedam
886 2215 1043 2283 continens.)

574 2349 631 2406 CC.
684 2352 811 2404 Macer
838 2351 1032 2406 Floridur.

218 2459 296 2520 Frid.
317 2458 478 2516 Boerner
503 2457 540 2515 de
557 2453 675 2515 Aemilio
695 2456 792 2516 Macro
813 2458 930 2535 ejusque
954 2459 1059 2518 rariore
1080 2457 1166 2517 hodie
1188 2418 1326 2538 opusculo
1351 2459 1388 2517 de

261 2543 410 2603 virtutibus
439 2540 587 2600 herbarum
617 2541 744 2600 diatribe.
787 2540 867 2620 Lips.
893 2538 984 2604 1754.
1007 2539 1038 2605 4.
1059 2575 1099 2586 -
1120 2543 1209 2602 Redit
1228 2548 1260 2602 io
1281 2522 1388 2619 Be..

261 2635 336 2689 noct.
361 2626 482 2704 Gueiph.
500 2622 590 2686 1755.
613 2645 678 2703 pag.
703 2621 879 2687 llo-134.
924 2633 1026 2699 (Multa
1040 2633 1162 2685 continet
1175 2633 1261 2686 minus
1275 2651 1345 2686 vera
1359 2640 1388 2685 et

263 2716 400 2774 accurata3
419 2708 495 2762 codd.
513 2725 572 2763 mss.
591 2715 653 2760 sunt
669 2706 715 2772 illi,
734 2725 801 2777 quos
815 2709 901 2762 Ebert
919 2709 996 2766 codd.
1009 2710 1123 2778 Gueiph.
1139 2712 1188 2764 sub
1205 2729 1231 2768 n.
1244 2709 1307 2776 544,
1325 2708 1387 2780 546,

262 2779 315 2833 548
332 2784 472 2843 enumerat,
491 2778 540 2833 cir.
557 2777 631 2830 Edit.
652 2776 736 2830 Macri
756 2777 828 2845 Lips.
849 2777 923 2832 1832.
941 2779 967 2834 8.
987 2796 1048 2850 pag.
1067 2778 1101 2831 21
1120 2781 1173 2848 sq.)

218 2854 287 2916 Chr.
313 2852 434 2915 Godofr.
460 2850 598 2910 Gruuer
622 2869 717 2929 progr.
743 2852 837 2910 variae
864 2851 998 2910 lectiones
1024 2851 1062 2909 ad
1092 2849 1240 2910 Aemilium
1260 2851 1387 2912 Macrum

260 2935 562 3081 {gogichmmld
587 2935 738 2994 enchiridio
766 2933 900 3014 (Erford.
930 2931 1020 2995 1502
1047 2931 1100 3016 4.)
1119 2937 1279 3016 decerptae.
1322 2936 1388 2996 Jcn.

543 3131 601 3186 DD.
655 3135 938 3190 Constantinus
970 3138 1070 3205 Aser.

219 3240 258 3301 M.
283 3237 321 3298 N.
344 3239 540 3298 commentatio
562 3241 599 3298 de
619 3241 716 3300 codice
743 3262 794 3300 ms.
821 3242 1005 3301 bibliothecae
1028 3238 1203 3297 academicae
1227 3234 1388 3297 Altorfinae

261 3325 438 3384 Constantini
451 3323 573 3384 Africani
582 3326 619 3383 de
631 3327 763 3385 febribus.
788 3326 890 3385 Altors.
914 3320 1035 3403 (1764.)
1057 3319 1087 3386 4.
1119 3328 1191 3395 (err.
1207 3328 1242 3377 G.
1258 3327 1294 3383 E.
1310 3328 1387 3381 Wal-

262 3407 315 3462 dau
331 3407 445 3462 thesaur.
466 3406 525 3460 bio·
543 3412 572 3461 et
585 3406 758 3480 bibliograph.
796 3406 930 3462 Chemnitz
949 3404 1025 3464 1792.
1043 3405 1069 3462 8.
1087 3424 1115 3476 p.
1132 3403 1184 3456 215
1202 3407 1254 3472 sq.)

564 3544 624 3599 Eli.
677 3544 1036 3617 Hildegcrdie.

218 3653 263 3713 Jo.
290 3652 374 3712 Conr.
400 3650 492 3711 Dahl
518 3651 564 3710 die
588 3650 690 3729 heiliga
709 3652 905 3728 Hildegnrdis‚
941 3648 1102 3712 Aebtissinn
1128 3648 1157 3706 in
1183 3648 1247 3707 dem
1272 3646 1387 3706 Kloster

261 3738 456 3816 Rupertsberg
477 3736 522 3795 bei
543 3737 663 3812 Bingen.
706 3730 913 3798 Main2183t.
939 3731 968 3795 8.
1027 3738 1211 3808 (Theologica
1224 3737 1385 3789 solummodo

263 3818 396 3884 continet3
416 3817 505 3886 agitur
523 3817 556 3870 de
574 3819 633 3875 cod.
651 3835 697 3872 ms.
717 3834 816 3872 coaevo
834 3817 906 3869 Hild.
925 3815 985 3869 libri
1003 3816 1075 3870 ritae
1093 3815 1261 3881 meritorum.)

218 3888 297 3948 Frid.
309 3887 384 3966 Aug.
399 3891 515 3949 Reuss
529 3892 565 3949 de
575 3891 649 3949 libris
660 3891 780 3969 physicis
791 3891 821 3949 S.
832 3888 1013 3965 Hildegardis
1025 3887 1222 3948 commentatio
1239 3886 1386 3944 historico-

261 3975 377 4032 medica.
421 3975 597 4051 Wirceburgi
616 3971 706 4034 1835.
727 3971 756 4038 8,
801 3979 913 4047 (Novae
930 3977 1060 4030 editionis
1075 3977 1254 4046 Physicorum
1269 3975 1385 4044 prodro-

260 4072 325 4118 mus,
344 4056 391 4107 cfr.
410 4054 598 4109 Bucherkunde
615 4057 658 4110 hir
675 4056 718 4109 die
735 4055 817 4109 iltere
834 4053 950 4108 Medicin
966 4054 993 4111 1.
1002 4053 1071 4108 And.
1090 4054 1119 4111 8.
1137 4051 1205 4118 309;
1229 4068 1276 4121 pro
1295 4050 1387 4121 genui·

259 4125 299 4178 nis
318 4125 397 4179 habet
413 4124 448 4178 Η.
466 4125 608 4195 operibus.)

496 4261 554 4318 FF.
612 4260 806 4332 Aegidius
832 4259 1107 4318 corboliensis.
1130 4313 1135 4323 ,

218 4365 265 4426 Jo.
287 4365 358 4426 Phil.
379 4364 446 4425 Lor.
466 4366 612 4425 Withof
629 4365 781 4426 Nachricht
802 4386 859 4426 von
880 4367 970 4425 einem
995 4366 1116 4428 ehemals
1132 4364 1196 4424 sehr
1216 4362 1388 4439 hochgehal-

261 4456 346 4511 tenen
377 4450 625 4526 Arzneigelehrten
656 4449 794 4526 Aegidius
819 4450 1019 4511 corboliensis.
1067 4450 1214 4526 Duisburg
1239 4443 1330 4509 1751.
1356 4441 1387 4505 4.
