2888 4958
558 299 738 359 Pollinctum.
765 296 894 360 hiumiae.
1253 308 1313 375 147
1389 261 1398 272 ·

181 456 246 517 dito
269 458 325 516 etc.
347 452 365 511 1.
388 450 423 517 11
444 450 490 512 De
518 446 727 511 medicamentis
759 453 902 514 nonnullis
929 457 1061 514 semaudi
1087 461 1229 522 cadaveris
1257 465 1314 523 vim

182 539 379 600 obtinentibus
404 537 422 602 1.
445 536 494 601 111.
528 537 617 600 Paris.
644 533 735 597 1553.
761 533 791 598 4.

134 626 239 690 Joach.
262 626 424 701 Striuppe
446 616 628 703 (Struppius)
650 641 803 681 consensus
824 623 1005 683 celebriorum
1021 627 1203 703 medicorum,
1224 632 1315 691 histo-

181 713 305 771 ricorum
330 716 360 767 et
383 708 615 786 philosophorum
640 727 725 785 super
749 709 864 765 exoticis
890 710 997 784 aliquot
1014 713 1230 791 medicamentis,
1253 738 1315 776 mu-

182 797 241 857 mia
255 796 338 871 eique
359 795 497 870 cognatis,
516 794 634 850 maxime
656 811 706 869 per
726 789 899 870 Aegyptum,
921 794 1069 870 Judaeum,
1098 797 1230 857 Arabiam
1259 809 1314 865 etc.

182 882 233 941 ubi
259 880 381 939 mumiae
402 880 540 954 genuinae
559 878 598 935 ad
614 877 773 955 pyramides
791 896 825 934 ex
852 882 1052 938 concameratis
1074 885 1246 942 coemeteriis
1259 890 1316 945 Ae·

183 965 324 1044 gyptiacis
345 969 442 1023 mutue
460 981 555 1021 verum
581 961 723 1040 exemplar
743 962 957 1021 vetustissimum
976 985 1112 1025 annorum
1129 969 1316 1028 circiterlllM

111 1111 116 1117 ,
183 1050 357 1118 reconditur,
377 1068 441 1106 cum
461 1047 646 1106 admiratione
671 1065 764 1104 coram
789 1047 989 1124 inspiciendum
1006 1051 1159 1112 exhibetur.
1181 1054 1314 1113 Francos.

184 1154 211 1195 a.
228 1134 266 1197 lt
290 1128 382 1194 1514.
404 1129 434 1190 4.
461 1165 501 1177 -
527 1129 621 1189 Extat
642 1135 724 1188 etiam
744 1129 844 1189 Editio
869 1137 1020 1208 germanice
1040 1140 1190 1214 consuiptc
1215 1145 1240 1196 et
1256 1141 1315 1198 bre-

182 1223 272 1282 uoto.
283 1230 398 1298 (Forsan
412 1227 613 1300 primoomnium
628 1228 777 1281 mumiarum
793 1244 861 1297 quae
873 1229 1017 1298 iutegraad
1033 1232 1154 1302 regiones
1160 1232 1314 1306 Europaeas

183 1300 348 1371 pervenerim
367 1316 414 1368 per
434 1299 594 1351 venetianus
612 1296 713 1350 scilicet
730 1297 811 1350 alluta
828 1306 870 1350 est
887 1298 1113 1368 Frauooiurtum.)

138 1372 244 1433 Meloh.
272 1372 381 1431 Sebiz
404 1373 440 1429 de
465 1371 612 1428 conditura
637 1371 696 1429 sive
717 1369 917 1428 balsamatione
936 1374 1103 1435 cadaverum
1120 1376 1312 1437 humanorum.

183 1456 337 1534 Argentor.
359 1452 482 1534 (1645.)
506 1449 597 1514 1649.
622 1449 653 1517 4.
680 1459 751 1526 (Cir.
773 1477 836 1529 pag.
861 1460 933 1527 113.)

138 1539 235 1602 Andr.
255 1541 408 1600 Rivinus
442 1543 533 1618 (resp.
565 1539 632 1597 Chr.
662 1539 775 1621 Gallus)
804 1542 840 1598 de
866 1541 1032 1617 pollinctura
1063 1545 1122 1603 siue
1149 1547 1316 1607 cadaverum
1408 1590 1410 1596 ·

187 1627 371 1685 humanorum
397 1627 541 1683 curatione
569 1631 598 1683 et
626 1624 742 1683 solemni
771 1626 934 1701 conditura,
965 1628 1050 1703 vulgo
1077 1630 1152 1687 dicta
1177 1630 1315 1691 balsama·

185 1711 273 1770 tione.
315 1709 393 1789 Lips.
415 1705 508 1770 1655.
532 1705 563 1770 4.
581 1719 679 1786 (Multa
697 1721 768 1774 circe
785 1721 964 1791 pollincturem
982 1732 1099 1779 veterum
1116 1726 1142 1780 in
1160 1728 1315 1797 universum,

185 1808 240 1845 nou
256 1790 338 1846 solum
355 1793 389 1844 de
406 1791 599 1862 Aegyptiorum
617 1790 725 1842 mutuiis.
746 1793 846 1845 Auctor
862 1801 904 1845 est
922 1792 1031 1847 Riviuue
1049 1798 1176 1864 praeses.)

140 1862 235 1929 Andr.
256 1864 444 1945 Gryphius
468 1864 589 1920 mumiae
610 1863 848 1922 Vratislavienses.
881 1864 1029 1928 Vratislav.
1054 1863 1214 1933 166212.
1241 1878 1317 1945 (Mu-

187 1945 265 2000 mitur
283 1945 408 1998 describit
424 1943 604 1997 Vretirlaviae
620 1943 646 1996 in
666 1944 772 1998 officina
790 1946 1002 2016 pharmaceutica
1019 1946 1076 2000 Jao.
1095 1949 1184 2004 crusii
1194 1969 1317 2007 uterve-

186 2023 257 2080 tum
273 2033 301 2070 v.
317 2014 415 2066 Helleni
433 2012 495 2069 bibl.
514 2021 585 2066 aunt.
608 2013 628 2068 l.
652 2013 727 2080 513.)

143 2088 214 2149 cur.
235 2087 436 2147 Hoffmann
458 2088 541 2164 (resp.
562 2084 609 2146 Jo.
630 2085 762 2158 Melchin)
795 2085 914 2143 diatribe
938 2087 1076 2144 exoterica
1104 2089 1142 2147 de
1165 2091 1317 2168 pollinctu-

186 2192 237 2232 rae
261 2172 430 2248 antiquitate
457 2189 492 2229 ex
521 2167 646 2228 Arabum
670 2171 845 2247 potissimum
867 2171 1043 2228 monimentis
1065 2172 1209 2234 illustrata.
1253 2176 1315 2240 Jen.

150 2324 153 2329 ‚
189 2251 283 2321 1669.
294 2254 323 2316 4.
346 2259 399 2327 (De
417 2259 580 2331 pollinctum
591 2259 663 2328 apud
674 2258 764 2312 varias
779 2268 875 2328 gentes
887 2261 1011 2328 antiques
1026 2262 1119 2315 brevis
1134 2263 1315 2334 dissertatio.)

143 2342 234 2404 Gabr.
258 2341 423 2400 Clauder
442 2341 592 2399 methodus
614 2339 785 2397 balsamandi
808 2359 925 2417 corpora
946 2341 1068 2399 humana
1084 2343 1195 2420 aliaque
1209 2347 1317 2422 majora

186 2428 248 2487 siue
272 2427 471 2485 evisceratione
492 2431 522 2483 et
542 2425 665 2482 sectione
686 2425 830 2501 hucusque
844 2425 938 2504 solita,
954 2426 1001 2483 ubi
1019 2446 1075 2485 non
1094 2430 1179 2487 modo
1197 2432 1233 2490 de
1250 2452 1318 2490 con-

187 2510 288 2571 dituris
312 2518 437 2569 veterum
463 2507 682 2586 Aegyptiorum,
714 2507 854 2586 Arabum,
885 2510 1076 2584 Ebraeorum‚
1107 2533 1140 2571 ac
1165 2515 1194 2573 in
1224 2520 1318 2594 specie

187 2595 314 2674 corporis
340 2594 442 2653 Christi
467 2601 499 2652 ut
525 2599 553 2651 et
569 2594 768 2652 modernorum
792 2595 900 2652 diversa
924 2603 1120 2672 proponuntur
1144 2605 1197 2657 etc.
1218 2600 1317 2660 hiten-

187 2682 271 2758 burg.
298 2674 391 2739 1679.
406 2674 436 2737 4.
467 2683 561 2752 (Opus
572 2683 711 2751 copiosum
723 2692 752 2735 et
767 2683 914 2750 diligenter
930 2685 1131 2752 compositum.)

145 2767 212 2826 Chr.
248 2764 353 2824 Funis
374 2764 493 2821 mumiae
520 2763 690 2841 philologica
715 2764 911 2821 consideratio.
947 2763 1052 2827 Gdrliz,
1075 2759 1168 2823 1681.
1187 2762 1219 2824 4.
1252 2771 1318 2838 (Au-

146 2859 255 2979 Lettirri⁸
269 2845 396 2977 1111101114
413 2847 518 2975 ‘iiiiii
539 2916 692 2994 d’Egypte.
718 2914 797 2972 Paris
824 2909 916 2975 1692.
937 2909 967 2972 4.

146 3005 218 3067 Just.
238 3004 371 3063 Vestus
396 2999 484 3080 (resp.
504 3002 618 3078 Brebis)
641 3001 713 3078 disp.
736 3001 772 3057 de
789 2999 964 3076 pollinctura.
987 2998 1100 3058 Eusord.
1125 2995 1216 3068 1695,
1231 2998 1261 3063 4.
1274 3038 1317 3048 -

190 3087 257 3147 Gtuu
274 3107 369 3167 progr.
392 3087 425 3144 de
445 3089 550 3144 mumiit
570 3087 746 3163 Aegyptiacis
768 3083 845 3142 Petri
867 3087 901 3142 ab
926 3083 961 3142 H
964 3092 1063 3142 oriere
1063 3085 1117 3162 sel
1124 3107 1145 3150 t.

148 3174 205 3235 Jos.
227 3171 395 3232 Lanzoni
416 3177 551 3230 tractatus
574 3172 610 3230 de
633 3170 835 3228 balsamatione
860 3171 1026 3230 cadaverum
1051 3171 1156 3248 inquo
1177 3181 1316 3234 nontan-
1340 3236 1342 3240 ,

188 3266 251 3318 turn
279 3259 316 3316 de
344 3256 510 3336 pollinctura
538 3257 615 3334 apud
640 3263 747 3313 veteres
778 3256 829 3313 sed
856 3255 939 3313 etiam
966 3257 1003 3314 de
1035 3258 1118 3314 variis
1143 3258 1316 3319 balsamandi

188 3345 325 3404 cadavera
355 3343 448 3400 modis
473 3343 549 3418 apud
575 3346 699 3398 recentes
726 3340 814 3397 multa
846 3342 955 3398 curiosa
985 3341 1106 3399 breviter
1130 3353 1316 3420 exponuntur,

186 3421 491 3500 Ferrar.1693.12.;
515 3425 622 3484 Genev.
654 3419 743 3487 1696.
774 3419 841 3496 12.;
872 3423 992 3505 Neapoi‚
1017 3419 1108 3487 1765.
1132 3422 1181 3488 19.
1214 3430 1317 3502 (Colle-

148 3512 387 3656 ffiqneuefsseoph.
417 3577 575 3637 Kettncr
605 3576 777 3635 schediasma
805 3579 842 3635 dc
870 3579 979 3635 mumiis
1013 3575 1195 3654 Aegyptiacis
1224 3586 1253 3636 et
1280 3580 1316 3636 de

187 3666 305 3744 egregia
331 3663 469 3742 Lipsiensi
491 3664 518 3720 iu
543 3661 711 3720 bibliotheca
732 3668 856 3721 senatus.
898 3662 985 3720 Paris.
1007 3655 1098 3718 1694.
1120 3657 1150 3722 4.
1173 3695 1216 3704 -
1242 3660 1316 3720 Edi-

187 3756 226 3811 tio
247 3751 351 3809 eltera:
371 3747 449 3827 Lips.
468 3742 559 3809 1793,
571 3742 601 3805 8.
613 3745 762 3809 -Reeue
788 3750 819 3804 io
838 3747 938 3808 Fratue.
961 3745 1028 3803 Ern.
1050 3745 1229 3805 Briekmann
1250 3767 1315 3826 epp.

186 3837 276 3896 itiner.
303 3839 407 3892 centur.
430 3832 479 3896 111.
501 3852 529 3909 p.
553 3826 614 3890 135
635 3850 679 3907 sq.
701 3836 854 3904 (Theologi
869 3835 987 3894 auctoris
1003 3835 1093 3901 opus.)

150 3919 233 3981 Leuis
253 3919 432 3979 Penicher
453 3918 537 3977 traiti
565 3917 615 3975 des
643 3916 868 3975 embaumemens
893 3915 972 3974 selon
1000 3914 1040 3972 les
1072 3913 1194 3975 Anticus
1222 3922 1251 3976 et
1275 3918 1316 3975 les

187 4006 339 4066 uouemes
360 4023 430 4062 avec
451 4021 507 4061 uue
530 4001 700 4078 description
723 4001 760 4059 de
792 4000 926 4076 quelques
952 4001 1150 4078 compositione
1187 4002 1317 4059 balsami-

187 4109 259 4169 ques
280 4096 310 4150 et
327 4091 487 4147 odorantes.
509 4086 587 4144 Paris
608 4081 697 4145 1699.
718 4080 842 4168 (1701.)
855 4081 884 4142 8.
908 4089 1147 4159 (Pharmacopolee
1159 4089 1318 4159 opusetiem

186 4172 337 4242 antiquiore
355 4169 502 4235 exhibens.)

152 4259 247 4322 Thom.
278 4260 470 4319 Greenhill
500 4255 698 4337 uenpouqdeto
725 4272 758 4311 or
784 4253 832 4311 the
860 4259 905 4312 art
933 4255 968 4312 of
988 4255 1164 4330 embalmiug.
1221 4254 1314 4314 Loud.

189 4341 281 4407 1705.
305 4343 336 4409 4.
359 4347 511 4419 (Etiam-ed
525 4352 635 4399 veteres
649 4343 780 4414 spectet.)

152 4445 213 4511 Chr.
233 4448 399 4523 Hertzog
420 4443 641 4522 mumiographia
661 4441 770 4501 medica
797 4440 867 4499 oder
897 4438 1010 4498 Bericht
1038 4459 1095 4498 von
1124 4440 1315 4520 Egyptischen

1002 4536 1065 4601 10*
