2888 4958
222 307 265 374 76
655 306 793 369 Medicina
818 308 961 388 gentilitia.

494 457 587 516 lm.
625 457 843 519 monto
863 464 904 519 et
920 460 1119 518 Helvetia.

222 583 319 645 Herm.
336 582 496 659 Conring
516 584 554 642 de
575 581 803 641 Germanicorum
827 602 978 661 corporum
998 581 1111 640 habitus
1134 580 1242 658 antiqui
1270 588 1300 640 et
1326 584 1391 644 novi

265 669 355 728 causis
373 669 483 731 dissert.
525 667 700 726 Helmestad.
727 662 817 730 1645.
839 663 868 727 4.
890 667 947 726 Ed.
965 665 1007 731 11.
1026 674 1122 724 aucta:
1155 667 1223 729 ibid.
1242 662 1335 730 1652.
1359 664 1388 732 4.

265 750 349 813 1666
377 749 406 815 4.
436 753 506 810 Cum
530 753 758 810 annotationibus
774 752 820 810 Jo.
838 752 907 810 Phil.
932 752 1129 829 Burggrav.
1151 750 1284 814 Francos.
1299 748 1389 814 1725.

266 833 378 914 (1727)
396 834 427 899 8.
450 841 623 910 (Argumenti
646 840 969 909 historico-diaetetici.)

222 924 344 989 Godosr.
358 922 451 981 Wels
460 923 500 981 eh
517 924 553 981 de
563 922 676 980 medicis
690 928 719 980 et
733 922 939 980 medicamentis
947 921 1160 982 Germanorum.
1172 917 1249 998 Lips.
1260 915 1389 982 16684.

219 1007 280 1067 Jac.
296 1009 373 1070 Frid.
391 1007 457 1066 Rei
467 1026 569 1065 mann
586 1007 702 1065 historia
718 1007 844 1065 medicae
858 1009 925 1065 artis
941 1006 1154 1067 Germanorum.
1177 1005 1241 1063 Hal.
1256 1000 1388 1070 17138.

220 1093 266 1157 Jo.
292 1094 411 1151 Godosr.
441 1091 547 1150 Hahn
578 1093 644 1150 diss.
673 1092 710 1151 de
741 1092 877 1150 medicina
908 1092 1112 1150 Germanorum
1137 1097 1272 1152 veterum.
1311 1090 1389 1170 Lips

227 1172 230 1177 ⁸
265 1171 358 1240 1717.
394 1177 415 1236 t‘.
467 1189 611 1259 (Tempora
630 1188 683 1245 Jul.
699 1190 777 1245 Caes.
795 1196 823 1242 et
839 1189 946 1254 Taciti,
975 1187 1048 1242 simul
1066 1206 1130 1242 vero
1148 1189 1182 1242 de
1199 1188 1307 1242 Druidis
1327 1188 1388 1242 Cel-

264 1265 350 1313 tarum
368 1259 433 1327 agit,
452 1257 485 1310 de
502 1257 574 1311 visco
593 1275 699 1327 querno,
717 1258 842 1327 selagine,
856 1259 899 1314 hb.
912 1258 1068 1322 britannica,
1088 1259 1209 1324 verbena,
1223 1258 1330 1311 succino
1343 1259 1389 1327 al.)

220 1331 306 1394 Laur.
338 1332 486 1390 Heister
522 1331 567 1388 de.
602 1332 808 1391 medicamentis
840 1331 1009 1390 Germaniae
1042 1331 1182 1407 indigenis
1221 1331 1389 1391 Germaniae

264 1417 476 1478 sufficientibus.
518 1416 638 1474 Helmst.
661 1411 751 1477 1730.
774 1411 804 1480 4.

221 1502 298 1562 Sam.
327 1501 410 1559 Wilb.
441 1501 576 1560 Oetter
603 1503 652 1560 der
680 1499 750 1558 Arzt
777 1500 806 1560 in
834 1499 1028 1559 Deutschland
1063 1500 1091 1558 in
1122 1499 1176 1558 den
1209 1498 1299 1558 iiltern
1330 1500 1390 1559 und

263 1586 386 1646 mittlern
410 1587 510 1644 Zeiten
529 1584 675 1644 historisch
697 1586 868 1660 vorgestellt.
911 1584 1021 1643 Niirnb.
1045 1579 1137 1648 1777.
1161 1581 1190 1644 8.
1209 1617 1251 1628 -
1267 1584 1389 1660 Ejusd.

263 1671 437 1745 Bestiittigte
463 1670 626 1743 Wahrheit,
653 1671 718 1728 dass
750 1672 796 1730 die
829 1671 999 1729 Geistlichen
1026 1671 1055 1727 in
1083 1669 1277 1729 Deutschland
1304 1689 1389 1748 seyen

265 1757 364 1815 ehehin
387 1755 432 1813 die
456 1753 563 1813 Lehrer
585 1756 635 1813 der
661 1753 850 1814 Arzneikunst
870 1755 928 1813 und
959 1755 1030 1813 auch
1055 1752 1182 1831 augleich
1212 1752 1259 1813 die
1285 1752 1389 1814 Aetate

264 1859 403 1919 gewesen.
456 1837 610 1916 Nfirnberg
642 1835 732 1900 1790.
761 1836 791 1899 8.
825 1844 942 1912 (Auctor
969 1844 1088 1896 medicus
1114 1843 1221 1912 quidem
1242 1862 1296 1896 non
1321 1853 1389 1912 erat,

265 1921 312 1977 sed
336 1921 415 1975 multa
439 1921 472 1973 acl
491 1920 623 1974 historiam
650 1920 727 1974 medii
745 1920 804 1974 aevi
822 1921 920 1974 utiliter
938 1921 1044 1990 collegit
1060 1921 1088 1974 in
1111 1919 1152 1972 his
1176 1919 1390 1990 scriptiunculis.)

222 1994 285 2054 Gfr.
308 1995 374 2052 Chr.
404 1994 497 2052 Roth
523 1994 560 2051 de
580 1995 739 2053 nominibus
769 1994 970 2069 vocabulisque
1001 1994 1101 2069 quibus
1130 1995 1252 2051 medicos
1279 2012 1390 2052 eorum-

263 2100 319 2158 que
343 2084 429 2138 artem
450 2078 626 2157 adpellarunt
656 2086 764 2138 veteres
789 2078 922 2137 Germani
957 2079 1074 2155 disquis.
1098 2077 1194 2157 philol.
1222 2078 1391 2156 antiquaria,

263 2162 477 2224 observationib.
505 2165 587 2221 variis
617 2163 754 2239 majorum
780 2168 941 2222 nostrorum
975 2183 1068 2223 mores
1102 2182 1135 2221 ac
1160 2182 1221 2222 rem
1252 2165 1389 2223 medicam

143 2279 145 2283 ,
262 2248 463 2308 illustrantibus
485 2247 626 2306 instructa.
650 2247 785 2309 Helmest.
810 2242 905 2309 1735.
926 2244 955 2310 8.
983 2260 1156 2332 (weotngtri
1172 2262 1291 2314 nuderis
1309 2279 1390 2330 spurf

264 2330 433 2398 explicantur
449 2345 523 2379 uoces
541 2333 605 2380 strat
623 2344 644 2380 s.
664 2328 775 2382 Lache.
795 2327 873 2380 From
891 2329 909 2385 i.
928 2346 955 2398 q.
972 2332 1095 2394 medicus,
1120 2329 1229 2382 Vursari
1252 2347 1275 2386 s.
1301 2332 1389 2384 Grae-

265 2400 313 2451 der
330 2398 349 2450 i.
368 2415 393 2465 q.
411 2396 560 2460 herbarius,
581 2396 681 2448 Heilari
701 2398 720 2452 i.
740 2415 764 2465 q.
784 2405 906 2464 sanator,
927 2399 1025 2452 Boeter
1042 2401 1060 2452 i.
1072 2417 1096 2467 q.
1125 2400 1241 2452 medicus
1260 2401 1389 2472 magicus,

266 2468 390 2519 Geuesan
408 2465 427 2521 i.
446 2482 470 2533 q.
488 2466 592 2530 sonari,
612 2465 709 2518 Helian
727 2467 746 2520 i.
763 2484 788 2534 q.
806 2483 879 2533 opem
897 2468 975 2532 ferre,
994 2467 1093 2520 Nerien
1111 2469 1130 2525 i.
1148 2487 1174 2536 q.
1187 2476 1309 2521 mentor
1325 2474 1389 2536 ete.)

221 2539 281 2599 Jac
310 2538 447 2596 Girres
477 2537 523 2595 die
554 2538 699 2596 teutschen
730 2538 931 2598 Volksbiicher.
984 2539 1099 2600 Nihere
1131 2541 1313 2617 Wiirdigung
1340 2543 1391 2601 det

262 2624 384 2683 sabinen
413 2621 572 2680 Historien-
593 2624 718 2682 Wetter-
743 2623 802 2681 und
826 2620 1075 2699 Arzneibirchlein‚
1099 2624 1205 2685 welche
1234 2626 1318 2685 theiis
1348 2627 1391 2685 in·

262 2728 344 2768 neren
369 2707 468 2767 Werth
496 2707 577 2766 theils
605 2708 698 2767 Zufall
726 2707 933 2769 Jahrhunderte
964 2709 1100 2769 hindurch
1127 2710 1169 2768 bis
1202 2711 1255 2769 auf
1288 2729 1390 2770 unoere

262 2795 328 2855 Zeit
354 2791 479 2852 erhalten
501 2792 558 2850 hat
601 2792 773 2869 Heidelberg
796 2789 887 2854 1807.
914 2789 943 2856 8.
976 2799 1030 2867 (Ad
1052 2799 1180 2853 medicem
1203 2805 1232 2852 et
1249 2799 1390 2868 physicam

263 2875 408 2930 doctrinam
433 2881 547 2943 quatuor
571 2893 606 2927 ex
629 2874 662 2927 iis
680 2873 825 2944 pertinent:
850 2875 874 2930 1.
894 2877 993 2929 Albert.
1016 2875 1107 2945 Magn.
1125 2895 1176 2930 von
1194 2875 1320 2930 Weibern
1337 2875 1390 2931 und

264 2946 400 2998 Geburten
419 2943 466 2996 der
482 2943 781 3011 Kinder—Tugenden
799 2943 846 2995 der
863 2943 1324 2999 Kriuter—Edelsteine-Mittel
1342 2964 1389 3014 ge-

262 3031 314 3081 gen
331 3012 459 3064 Pestilenz
482 3017 548 3075 etc.;
582 3011 608 3062 0.
638 3012 694 3063 Der
717 3011 896 3094 barmherzige
920 3013 1064 3066 Samariter
1081 3014 1145 3067 oder
1168 3014 1390 3096 iqeundbrr'rderli-

262 3079 1235 3218 tlt‘..l..².‘l.tlt‘ltllttllltitt..¹¹·..i}¹‘t⁰ltl.n..²l)'tlt
1263 3092 1334 3148 “⁰“
1362 3084 1389 3140 ³·

218 3236 415 3298 Hoffmann
442 3257 508 3296 von
538 3236 789 3300 Fallersleben
828 3239 1013 3318 Sumerlaten.
1087 3237 1390 3300 Mittelhochdeutsche

262 3322 383 3380 Glossen
408 3340 458 3380 aus
494 3323 550 3381 den
581 3322 666 3385 Hss,
694 3325 745 3383 der
777 3325 823 3384 kk.
853 3323 1069 3384 Hotbibliothek
1095 3344 1132 3381 zu
1162 3324 1250 3383 Wien.
1306 3326 1389 3386 Wien

262 3401 355 3470 1834.
370 3402 398 3469 8,
412 3411 537 3479 (Henrici
547 3412 722 3478 summarium,
745 3414 939 3482 Abecedarius,
952 3412 1159 3481 vocabularium
1180 3414 1311 3467 Herbarii
1329 3420 1389 3468 tres

263 3496 292 3543 et
303 3487 407 3556 glossae
419 3489 583 3557 germanicae
594 3489 620 3541 in
633 3488 751 3544 Macrum
765 3492 912 3558 Floridum3
932 3510 947 3544 e
958 3491 1035 3548 codd.
1047 3509 1108 3547 mss.
1121 3508 1191 3546 saec.
1203 3490 1250 3542 Xl.
1260 3490 1388 3556 -Xlll.)

219 3562 282 3623 Gn.
306 3562 378 3621 Chn.
400 3561 497 3622 Roth
520 3565 716 3622 commentatio
734 3564 831 3623 histor.
864 3566 1003 3642 antiquar.
1036 3565 1073 3622 de
1096 3563 1285 3640 imagunculis
1316 3564 1389 3623 Ger-

259 3666 405 3706 manorum
428 3647 553 3722 magicis,
575 3666 646 3724 quas
667 3647 787 3708 Alrunas
810 3657 921 3710 vocant.
967 3649 1101 3708 lielemst.
1124 3643 1215 3711 1737.
1236 3644 1266 3707 8.

217 3730 244 3791 J.
269 3732 414 3790 Schmid
437 3738 584 3795 comment.
607 3734 686 3811 epist.
712 3735 749 3792 de
769 3734 881 3793 Alrunis
907 3735 1120 3795 Germanorum.
1157 3733 1222 3792 Hal.
1246 3726 1339 3796 1739.
1357 3727 1388 3798 8.

218 3814 245 3873 J.
269 3816 345 3877 Tob.
370 3817 506 3877 Koeler
537 3818 604 3878 diss.
632 3818 789 3896 epistolica:
826 3821 931 3899 primus
958 3821 1031 3879 inter
1062 3819 1218 3876 Germanos
1248 3818 1314 3875 artis
1341 3836 1389 3875 sa·

261 3899 357 3958 lutaris
384 3904 485 3980 peritia
513 3903 627 3962 celebris
655 3902 813 3980 wintarus,
844 3904 937 3963 Caroli
961 3904 1002 3963 Μ.
1034 3902 1207 3962 Francorum
1230 3903 1305 3978 regis
1329 3921 1388 3961 me·

262 3986 351 4060 dicun,
373 3986 536 4045 illustratus.
580 3987 710 4064 Gotting.
731 3984 823 4049 1757.
844 3984 874 4047 4.
901 3993 1080 4061 (Praesertim
1103 4010 1137 4045 ex
1158 3992 1217 4044 nita
1236 3992 1280 4043 St.
1308 3991 1387 4043 Stur-

261 4065 306 4119 mii
324 4066 435 4122 Abbatis
452 4067 589 4121 Fuldensis
607 4076 715 4122 auctore
732 4069 803 4138 uigil
821 4070 925 4124 Abbste
941 4070 1067 4123 Fnldensi
1090 4075 1119 4124 et
1143 4070 1179 4123 G.
1200 4067 1322 4137 Wicelio‚
1346 4067 1387 4124 ed.

262 4135 388 4190 Mabillon
405 4137 432 4189 in
450 4136 561 4193 analect.
579 4142 605 4189 et
623 4139 733 4191 Brower
750 4139 776 4191 in
794 4139 954 4208 antiquitatt.
972 4139 1061 4205 Fuld.)

217 4207 443 4272 Vit.1tiedlin
464 4211 518 4269 iter
539 4210 685 4269 medicum.
706 4210 783 4287 Aug.
805 4212 916 4272 Vindel.
944 4207 1036 4273 1702.
1059 4207 1090 4271 8.

217 4293 329 4353 Herrm.
358 4294 466 4354 Friedr.
493 4294 622 4354 Kilian
653 4297 700 4353 die
738 4297 948 4358 Universitiiten
981 4295 1188 4356 Deutschlands
1218 4295 1247 4353 in
1276 4290 1392 4352 medici·

260 4379 710 4440 nisch-naturwissenschaftlicher
735 4381 866 4442 Hinsicht
886 4383 1051 4446 betrachtet.
1094 4381 1150 4439 Mit
1167 4381 1236 4438 dem
1251 4378 1392 4437 Bildnisse

256 4462 355 4534 (Sam.
377 4463 498 4540 Thom.)
518 4483 576 4527 von
597 4465 823 4544 Simmeming’s.
866 4467 1039 4544 Heidelberg
1063 4485 1092 4529 u.
1117 4464 1217 4546 Leipz.
1244 4458 1338 4526 1828.
1358 4457 1390 4524 8.
