2888 4958
194 312 237 375 52
632 308 772 371 Medicina
796 314 923 389 antiquo.

198 468 288 529 Dietr.
310 467 382 525 Geo.
404 466 536 525 Kicser
560 465 630 523 iiber
658 465 712 524 dar
738 465 912 544 Vergnigen
937 485 974 524 an
1002 466 1160 544 tragisclren
1188 466 1370 543 Gegenstin-

241 554 312 626 den,
335 549 580 629 ps5chologisoher
604 550 786 610 commentar
807 554 877 613 iiber
901 551 1013 610 Lucret.
1043 553 1077 610 ll.
1102 547 1209 615 1-4.
1254 551 1369 610 Genio-

240 657 296 714 gen
319 632 409 696 1809.
431 633 461 696 8.

613 784 670 840 CC.
727 785 949 840 Plautus.

199 910 272 969 Geo.
296 909 403 986 Wolfg.
427 909 554 969 Wedel
576 909 613 966 de
633 909 733 966 morbo
756 917 784 968 et
813 909 901 967 herba
923 909 1068 968 solstitiali.
1117 908 1184 990 (Ad
1202 909 1296 968 Plauti
1318 910 1368 967 tri-

241 1015 345 1056 numm.
376 1000 430 1052 act.
453 990 484 1055 2.
503 1013 542 1059 sc.
568 989 598 1051 4.
626 1013 653 1056 v.
686 989 756 1053 141.
785 999 814 1050 et
845 995 971 1071 pseudol.
1004 999 1057 1053 eci.
1087 989 1115 1052 l.
1137 1015 1176 1056 sc.
1200 989 1228 1057 1.
1251 1015 1278 1055 v.
1300 989 1367 1072 36.)

242 1082 306 1140 Jen.
330 1075 421 1142 1690.
442 1076 472 1140 4.
504 1113 546 1122 —
581 1077 679 1140 Renes.
710 1082 741 1136 in
774 1078 875 1138 Wedel
907 1099 995 1142 exerc.
1021 1082 1094 1138 med.
1117 1081 1212 1157 philol,
1239 1080 1321 1138 Cent.
1344 1080 1366 1137 l.

244 1168 305 1225 dcc.
329 1160 359 1228 6.
388 1185 416 1226 n.
439 1159 468 1226 3,
513 1168 618 1235 (Morb.
634 1168 712 1220 solet.
725 1184 785 1220 esse
796 1169 933 1237 phthisim
954 1171 1054 1221 herbas
1074 1170 1152 1222 solst.
1170 1170 1277 1240 plantas
1295 1186 1366 1236 esse,

244 1264 312 1317 quaa
331 1246 401 1299 circu
419 1244 524 1297 solstitii
541 1251 641 1313 tempus
660 1245 702 1298 vel
718 1245 877 1298 flaccescunt
895 1247 936 1299 uel
954 1249 1105 1312 metantur.)

200 1353 243 1366 -
268 1353 309 1363 -
332 1321 369 1378 de
391 1319 489 1376 morbo
512 1319 666 1395 insputato.
723 1318 782 1392 (Ad
801 1318 890 1376 Plauti
912 1321 1013 1396 captiv.
1040 1326 1093 1381 act.
1115 1314 1144 1377 3.
1170 1339 1207 1380 sc.
1230 1314 1276 1395 4.)
1303 1318 1367 1379 Jen.

243 1398 336 1464 1689.
358 1399 388 1462 4.
404 1435 444 1447 -
460 1402 556 1465 Renes.
570 1406 602 1460 in
613 1403 712 1462 Wedel
724 1422 812 1464 exerc.
833 1405 906 1461 med.
923 1404 1018 1482 philol.
1039 1404 1121 1464 Cent.
1133 1403 1154 1461 l.
1178 1405 1238 1461 dec.
1253 1399 1284 1464 4.
1296 1422 1324 1460 n.
1337 1396 1368 1460 8.

200 1523 244 1538 ·-
267 1521 309 1534 -
334 1490 372 1546 ‹le
391 1490 484 1547 resina
508 1488 651 1564 Aegyptia
671 1486 771 1546 Plauti.
795 1485 856 1565 (Ad
877 1487 994 1551 Mercat.
1016 1496 1069 1553 act.
1093 1484 1121 1547 l.
1144 1507 1182 1546 sc.
1204 1483 1233 1546 2.
1256 1506 1282 1550 ι,
1301 1481 1368 1566 27.)

242 1574 305 1633 Jen.
329 1569 419 1632 1700.
441 1569 470 1636 4.
502 1607 546 1618 —
580 1571 677 1634 Recio.
705 1575 735 1630 in
760 1572 863 1631 Wedel
894 1593 983 1636 exerc.
1016 1576 1090 1634 med.
1115 1573 1211 1653 philol.
1237 1572 1320 1631 Cent.
1345 1571 1368 1629 Ι.

244 1662 305 1719 dec.
329 1654 379 1720 10.
400 1677 427 1716 ιι.
449 1653 479 1716 4.
523 1662 607 1731 (Esse
627 1660 788 1730 masticem.)

582 1843 642 1898 DD.
701 1842 980 1914 Virgilius.

201 1969 229 2032 J.
254 1967 288 2028 1⁴⁸.
313 1967 408 2028 Kolb
428 1965 612 2045 psychologia
628 1965 741 2042 Virgilii
762 1967 800 2024 ad
813 1964 883 2024 Aen.
898 1966 948 2024 Vl.
967 1960 1145 2028 let-751.
1233 1961 1323 2026 1771.
1336 1961 1366 2029 4.

201 2054 236 2120 Δ,
259 2053 284 2112 J.
311 2053 466 2112 Retzius
491 2053 563 2109 flore
590 2051 751 2126 virgiliana.
795 2049 880 2109 Lund
909 2045 1001 2109 1809.
1027 2047 1057 2110 8.
1090 2057 1181 2123 (Cir.
1204 2059 1304 2109 Franc.
1331 2056 1366 2108 de

244 2135 327 2190 Paula
345 2133 499 2188 Schrank
517 2135 627 2201 plantae
642 2134 691 2185 Vir
712 2134 814 2184 iiinnne
828 2151 883 2184 cum
897 2134 1071 2186 recentiorum
1079 2135 1228 2202 synonymis
1238 2134 1265 2186 in
1276 2132 1367 2187 Ueteri

245 2204 339 2258 delent.
358 2202 502 2273 opusculor.
525 2203 613 2255 boton.
632 2200 668 2254 ΙΙ.
688 2206 697 2251 l
719 2199 776 2266 93.)

201 2275 269 2336 Ant.
294 2275 379 2334 Laur.
401 2272 571 2350 Apollinaire
590 2272 661 2330 Fee
682 2275 752 2330 tlore
775 2274 811 2329 de
834 2273 941 2349 Virgile
968 2294 1005 2331 ou
1026 2274 1233 2333 nomenclatore
1255 2275 1366 2334 methe-

246 2350 331 2437 ilique
354 2365 384 2416 et
405 2359 522 2433 critique
544 2358 594 2414 des
616 2356 741 2434 plantes,
774 2359 854 2414 fruits
876 2367 904 2416 et
929 2360 1057 2435 produits
1082 2360 1243 2434 vegetables
1265 2361 1367 2418 menti-

245 2444 335 2503 00000
360 2444 430 2501 dans
456 2442 495 2500 les
518 2461 656 2517 ouvrages
677 2447 730 2521 etc.
774 2441 852 2500 Paris
874 2438 966 2502 1622.
988 2437 1017 2508 8.
1047 2477 1086 2489 -
1118 2442 1211 2502 Extat
1236 2448 1317 2503 etiam
1337 2449 1368 2504 in

245 2549 305 2608 epp.
336 2528 449 2604 Virgilii
473 2531 501 2585 in
526 2525 682 2585 collectione
703 2526 837 2586 Lemaire.

203 2613 301 2694 (Mich.
325 2613 489 2687 Tenore)
513 2613 710 2670 Osservazioni
731 2612 802 2670 sulla
821 2616 893 2672 flora
913 2613 1074 2689 Virgiliana.
1106 2607 1366 2690 Nap01i1826.8.

244 2695 361 2763 (Canus
378 2694 434 2746 seo
452 2694 591 2764 disputat.)

200 2768 247 2833 10.
269 2768 329 2827 Jac.
352 2767 499 2826 Kirsten
521 2767 718 2825 commentatio
741 2766 769 2823 in
790 2765 898 2841 Virgilii
920 2785 1044 2836 versum:
1077 2763 1151 2824 Alba
1178 2762 1294 2842 ligustra
1319 2787 1367 2825 ca-

243 2855 325 2926 dunt,
347 2854 469 2911 samnia
489 2854 570 2928 nigra
584 2853 723 2926 leguntur.
745 2850 849 2908 Altorf.
872 2845 963 2911 1704.
985 2846 1014 2909 4.
1043 2855 1098 2923 (Aa
1110 2858 1143 2909 V.
1156 2858 1244 2925 eclog.
1259 2856 1296 2909 11.
1309 2856 1366 2924 18.)

200 2938 271 3002 Fal).
292 2937 427 2997 Devoti
448 2939 476 2995 in
501 2938 630 3012 aenigma
654 2934 810 2993 Damoetae
835 2937 871 2994 de
895 2937 963 2994 caeli
984 2937 1075 3014 spatio
1096 2937 1125 2996 in
1146 2939 1225 2995 terris
1251 2937 1367 3012 quibus-

197 3038 202 3061 ¹
244 3024 310 3080 dam
330 3027 388 3079 tres
410 3041 467 3080 non
489 3021 606 3098 amplius
628 3019 708 3077 ulnas
733 3027 847 3096 patente
867 3022 1090 3080 commentarius.
1134 3023 1216 3080 Rom.
1231 3017 1321 3081 1763.
1334 3017 1365 3080 8.

198 3140 201 3147 .
243 3102 298 3166 (nd
308 3101 401 3168 Virgil.
410 3102 493 3168 eclog.
502 3102 552 3156 lll.
563 3100 636 3166 1043
656 3102 703 3157 cfr.
721 3102 787 3157 Geo.
802 3103 882 3170 Carp.
897 3101 1116 3154 Kirchmuier
1134 3103 1367 3175 etDan.Stepi-

245 3187 306 3224 uer
325 3170 476 3237 disquisitio
494 3171 530 3222 od
552 3171 627 3240 Virg.
647 3172 665 3224 l.
683 3188 704 3222 o.
722 3180 773 3223 oto
797 3171 885 3227 Viteb.
902 3169 975 3224 1666.
993 3171 1031 3235 4.)

202 3243 275 3304 Gen.
298 3241 410 3317 ,Wolsg
442 3242 567 3301 Wedel
599 3245 812 3320 propempticon
844 3244 938 3318 inaug.
965 3243 1001 3300 de
1022 3241 1122 3299 amello
1143 3240 1259 3317 Virgilii.
1302 3243 1366 3303 Jen.

245 3322 337 3388 1086.
359 3323 388 3384 4.
411 3359 454 3370 —-
474 3326 569 3385 Reno.
583 3330 613 3385 in
627 3328 728 3386 Wedel
739 3347 826 3386 exerc
841 3329 913 3388 med.
925 3326 1021 3404 philol.
1039 3327 1122 3385 Ceut.
1137 3326 1157 3384 l.
1176 3328 1236 3385 dec.
1248 3322 1278 3390 3.
1296 3348 1324 3388 n.
1336 3324 1367 3392 5.

246 3409 297 3478 (Ad
315 3408 391 3476 Virg.
411 3409 512 3477 Georg.
529 3408 577 3464 IV.
596 3408 673 3475 2714
692 3427 750 3462 esse
768 3408 873 3462 meliloti
891 3425 983 3477 genus,
1001 3425 1069 3461 nunc
1087 3409 1164 3461 Aster
1182 3407 1325 3477 aomellus.)

202 3514 245 3527 —
270 3515 312 3526 -
337 3484 374 3541 de
394 3500 472 3538 ramo
500 3501 584 3540 aureo
608 3481 722 3558 Virgilii.
755 3481 815 3560 (Ad
836 3480 907 3544 Aen.
929 3481 978 3544 Vl.
1001 3476 1085 3559 137.)
1129 3481 1192 3540 Jen.
1219 3475 1311 3540 1700.
1335 3477 1367 3540 4.

244 3568 341 3635 Beros.
372 3569 402 3624 in
439 3566 538 3624 Wedel
573 3585 661 3625 exerc.
693 3568 767 3625 med.
801 3566 895 3645 philol.
929 3566 1011 3625 Cent.
1037 3567 1057 3625 l.
1100 3567 1160 3625 dec.
1196 3561 1244 3625 10.
1279 3586 1306 3623 0.
1336 3562 1366 3625 3.

246 3649 343 3717 (Senon
360 3647 534 3700 elehemistico
552 3649 702 3701 sumendum
720 3665 777 3700 esse
795 3657 822 3701 at
839 3649 927 3701 lorsnn
945 3648 978 3701 de
996 3646 1135 3702 untimonio
1157 3646 1342 3715 cogitandum.)

203 3719 249 3779 10.
271 3723 357 3780 Henr.
385 3720 546 3778 Schulze
572 3740 669 3797 progr.
702 3721 738 3778 de
766 3721 871 3779 artibus
892 3722 975 3778 mutis
996 3723 1033 3778 ad
1055 3720 1249 3778 illustrandum
1272 3719 1368 3795 Virgi-

248 3805 324 3883 lium,
350 3806 465 3863 Aeneid.
487 3805 550 3863 Xll.
573 3801 644 3865 307.
688 3804 752 3862 Hal.
779 3800 869 3864 1732.
895 3801 925 3862 4.
978 3809 1100 3875 (Mutum
1114 3817 1200 3861 artem
1217 3808 1369 3861 dicimedi-

249 3885 333 3937 einum
352 3887 385 3938 ob
402 3885 557 3955 Telesphori
576 3903 634 3938 curn
651 3885 817 3955 Harpocrete
840 3884 992 3938 affinitatem
1017 3895 1046 3939 et
1064 3887 1097 3938 ob
1115 3885 1141 3938 in
1159 3885 1312 3958 templorum
1330 3884 1369 3939 si-

250 3953 330 4006 lentio
347 3956 432 4007 lactes
449 3953 647 4022 incubationes.)

205 4026 274 4086 Phil.
296 4028 386 4090 Henr.
410 4026 565 4086 Boecler
591 4028 627 4085 de
651 4026 790 4085 medicina
810 4024 920 4101 Virgilii
941 4023 1012 4090 Aen.
1039 4026 1101 4090 ΧΠ.
1117 4021 1187 4088 397.
1209 4030 1304 4084 mutae
1323 4045 1370 4084 ar-

247 4114 283 4171 tis
304 4112 385 4170 titulo
406 4112 545 4187 insignita.
587 4109 739 4188 Argentor.
762 4104 853 4174 1742.
875 4107 904 4169 4.

205 4195 250 4255 10.
273 4198 356 4255 Mich.
379 4197 513 4255 Gasser
544 4216 640 4272 progr.
670 4197 706 4254 de
727 4195 831 4254 artibus
865 4189 993 4276 (mutis)
1020 4196 1058 4254 acl
1083 4195 1181 4256 illustr.
1203 4194 1300 4270 Virgil.
1316 4194 1369 4252 loc.

121 4267 127 4283 ’
247 4279 317 4340 Aen.
341 4283 403 4345 Xll.
426 4275 495 4339 397.
539 4281 630 4340 Halae
654 4275 747 4341 1751.
769 4276 799 4340 4.
1367 4286 1373 4301 ’

205 4363 305 4425 Franc.
339 4365 517 4425 Atterbur
524 4386 543 4442 y
573 4366 731 4424 reflectione
758 4384 796 4423 on
820 4366 869 4425 the
893 4366 1036 4424 character
1066 4365 1101 4423 of
1117 4364 1195 4442 Japis
1217 4364 1245 4421 in
1269 4363 1371 4439 Vergil,

247 4470 289 4523 or,
311 4451 360 4511 the
380 4451 523 4510 character
546 4451 581 4508 of
596 4447 737 4509 Antonius
758 4449 851 4530 Musa,
872 4450 1016 4531 physician
1037 4455 1068 4508 to
1090 4447 1245 4524 Augustus.
1276 4447 1372 4508 Lond.
