2888 4958
615 290 754 351 Variolae.
1212 290 1276 356 169

144 436 299 508 (Antiquom
316 454 374 491 essa
390 437 546 492 variolarum
564 441 687 506 morbum,
707 437 839 494 veteribus
858 437 908 493 sub
921 437 1164 496 anthracisuomine
1181 443 1273 513 cogol-

145 519 216 572 tum;
236 509 319 559 bonas
337 507 403 560 liber
420 518 446 560 et
465 508 602 576 diligenter
621 508 804 578 conscriptus.)

96 579 183 641 Paul.
208 579 265 642 Gli.
295 579 460 639 Werlbos
478 582 633 656 disquisitio
656 582 764 639 medica
792 587 820 639 et
848 580 1018 659 philologiae
1046 583 1084 640 de
1110 583 1222 642 variolis
1244 592 1274 644 et

143 664 334 731 anthracibus,
361 664 397 721 de
420 665 565 741 utriusque
589 666 706 724 affectus
722 666 948 741 antiquitatibus,
973 667 1060 742 signis
1087 675 1116 726 et
1147 670 1271 737 medelis,

142 749 279 808 Hannon.
305 741 399 810 1735.
425 783 468 792 -
492 751 588 809 Recua.
610 753 641 808 ia
666 749 767 826 Ejusd.
800 751 877 829 Opp.
906 751 952 808 ed.
980 751 1155 815 Wichmann.
1191 754 1273 813 Hau·

143 853 210 896 nov,
233 827 325 894 1775.
353 837 469 904 (Contra
493 847 657 893 vetustatem
685 838 846 891 variolarum
868 857 884 891 a
912 839 1019 892 Hahnio
1048 839 1207 910 defensam.)

96 918 147 977 Jo.
166 918 298 976 Gothosr.
320 917 423 976 Hahn
449 921 533 978 carbo
557 921 690 998 pestilens
714 940 731 977 a
752 920 925 978 carbunculis
942 922 1000 979 sive
1018 921 1128 978 variolis
1146 930 1272 982 veterum

145 1004 303 1064 distinctus.
346 1005 493 1062 Accedunt
517 1007 600 1063 binae
624 1004 698 1067 Dan.
725 1005 810 1063 Wilh.
833 1005 984 1063 Trilleri
1011 1006 1048 1063 de
1069 1007 1169 1064 eodem
1185 1027 1272 1083 argu·

145 1094 241 1145 mento
265 1087 410 1165 epistolae.
425 1088 573 1148 Vratislav.
603 1085 694 1152 1736.
716 1085 747 1147 4.
775 1121 819 1132 -
859 1088 907 1147 Tr.
932 1092 1011 1148 binae
1032 1110 1090 1167 epp.
1113 1093 1273 1151 redeuntia

144 1172 246 1246 Ejusd.
269 1192 383 1248 opuscc.
409 1175 481 1237 med.
498 1174 561 1232 Vol.
578 1174 613 1232 ll.
638 1169 727 1235 1766,
750 1194 778 1250 p.
791 1170 810 1232 l
823 1169 926 1235 —362
968 1186 1022 1252 (Ad
1049 1186 1184 1239 Werlhofii
1205 1189 1272 1241 scri-

145 1262 219 1322 pturn
236 1253 403 1322 apologetica
420 1255 555 1325 responsio
576 1262 603 1309 et
620 1254 774 1324 dijudicatio
788 1254 903 1307 locorum
917 1255 988 1325 apud
1007 1262 1112 1308 veteres
1130 1258 1272 1327 scriptores

147 1323 182 1374 de
198 1338 261 1373 vero
281 1322 459 1390 carbunculo.)

99 1393 148 1452 Jo.
177 1394 311 1457 Gothofr.
340 1395 384 1452 de
407 1396 511 1454 Hahn
538 1395 704 1454 variolarum
722 1396 793 1454 ratio
816 1396 952 1475 exposita.
985 1395 1099 1456 Vratisl.
1129 1391 1220 1462 1751.
1241 1395 1272 1463 4.

147 1474 257 1542 (lterum
274 1492 322 1543 pro
340 1475 496 1544 antiquitate
513 1476 654 1533 variolar.l

99 1579 152 1592 -
176 1579 215 1591 —-
243 1547 360 1605 morbilli
381 1549 545 1607 variolarum
567 1550 697 1607 vindices.
728 1549 877 1611 Vratislav.
906 1543 997 1612 1753.
1019 1544 1051 1610 4.

101 1631 172 1696 Chr.
196 1631 318 1692 Godofr.
345 1632 484 1691 Gruner
504 1633 670 1691 variolarum
693 1634 873 1708 antiquitates
899 1635 937 1692 ab
968 1632 1105 1692 Arabibus
1134 1635 1200 1694 solis
1228 1657 1274 1696 re-

146 1717 295 1794 petendae.
331 1716 394 1775 Jen.
423 1712 512 1780 1773.
534 1715 565 1778 4.
592 1724 707 1791 (Contra
722 1723 865 1791 Hahnium,
887 1724 932 1793 qui
952 1723 1071 1776 variolas
1088 1726 1202 1779 Graecis
1217 1722 1273 1799 jam

146 1797 291 1849 innotuisse
309 1797 434 1866 dixerat.)

101 1903 147 1916 --
168 1901 212 1913 -
237 1871 394 1945 fragmenta
409 1872 579 1929 medicorum
601 1870 724 1930 Arabum
743 1876 771 1929 et
793 1872 966 1930 Graecorum
987 1873 1025 1932 de
1046 1874 1167 1937 variolis.
1209 1876 1272 1937 Jen.

146 1950 242 2018 1786.
267 1949 358 2015 1787.
384 1951 413 2019 4,
443 1961 513 2029 (Sex
538 1961 762 2030 programmata.)

101 2071 146 2086 ω-
186 2071 228 2083 -
266 2040 303 2097 de
331 2041 440 2098 variolis
468 2047 498 2099 et
524 2041 656 2098 morbillis
684 2042 842 2115 fragmenta
871 2040 1041 2099 medicorum
1066 2037 1271 2104 Arabistarum:

147 2125 295 2182 Constant.
322 2122 418 2198 Atria,
436 2124 537 2183 Matth.
560 2127 669 2196 Silvat.,
693 2125 778 2184 Bern.
805 2124 943 2196 Gorden,
966 2124 1011 2188 Jo,
1034 2122 1118 2201 Angl.
1134 2128 1170 2185 de
1191 2127 1272 2188 Gad-

147 2210 266 2280 desden‚
293 2209 398 2271 Gentil.
420 2210 456 2268 de
474 2209 601 2286 Fulgin,
621 2209 706 2273 Micb,
732 2210 828 2284 Scoti,
852 2209 975 2267 Rolandi
995 2209 1098 2286 Parm.,
1121 2210 1206 2270 Guid.
1235 2213 1273 2272 de

147 2293 297 2369 Cauliaco,
320 2294 394 2361 Guil.
416 2295 587 2371 Varignan.‚
611 2294 720 2353 Valesci
747 2294 784 2351 de
805 2293 946 2366 Taranta,
972 2294 1017 2353 Jo.
1044 2296 1082 2352 de
1104 2296 1272 2374 Concoreg.,

146 2377 222 2437 Petr.
246 2379 341 2456 Hisp.,
363 2378 431 2441 Ant.
453 2380 489 2438 de
511 2380 623 2453 Gradis,
646 2378 763 2454 Menghi
784 2377 921 2452 Facem„
948 2380 1024 2438 Blas.
1046 2377 1150 2438 Astarii
1170 2388 1200 2440 et
1225 2382 1272 2441 Jo.

148 2462 269 2521 Saliceti.
292 2464 354 2522 Jen.
379 2459 469 2527 1790.
495 2459 525 2523 4.
552 2469 769 2538 (Prograrnmata
792 2468 881 2535 XIV.)

102 2546 171 2607 Car.
193 2547 268 2612 Guil,
293 2549 457 2623 Gredi'ng
486 2549 605 2627 epistola
627 2551 664 2607 de
691 2548 786 2627 primis
811 2546 980 2606 variolarum
1008 2548 1092 2607 initiis
1120 2568 1273 2628 earumque

146 2633 279 2708 contagio
300 2632 447 2693 virulento.
490 2631 568 2711 Lips.
596 2629 687 2696 1781.
710 2629 740 2692 4.

101 2715 198 2775 Franz
222 2717 363 2793 Olberg
387 2718 520 2793 Beitriige
541 2738 592 2776 zur
610 2716 765 2775 Litteratur
787 2716 837 2773 der
858 2715 985 2774 Blattern
1011 2717 1069 2774 und
1086 2718 1181 2775 'deren
1203 2717 1273 2776 Ein-

145 2803 285 2879 impfung,
306 2822 371 2860 vom
393 2801 479 2860 Jabre
501 2797 583 2864 1768
605 2802 647 2861 bis
673 2796 765 2861 1790.
788 2795 816 2858 1.
831 2798 996 2862 Baudeheu.
1033 2800 1117 2860 Halle
1142 2801 1272 2873 (Hanno-

145 2890 205 2962 ver)
229 2881 318 2946 1791.
340 2882 369 2946 8.

102 2970 199 3030 James
226 2970 351 3029 Moore
371 2972 478 3049 history
500 2971 535 3028 of
551 2970 600 3029 the
624 2969 784 3047 small-pax.
816 2966 910 3027 Lond.
929 2964 1020 3029 1815.
1032 2966 1062 3030 8.
1093 2983 1195 3047 (Bonae
1216 2982 1272 3038 dis·

149 3051 305 3120 quisitiones
324 3053 394 3106 circa
412 3050 614 3106 inoculationem
632 3051 749 3105 seriolae
767 3053 869 3118 verae.)

100 3124 179 3186 Rob.
204 3125 333 3183 Willan
360 3125 570 3183 miscellaneous
601 3125 709 3197 works,
738 3123 908 3201 comprising
936 3141 972 3180 aa
1000 3123 1110 3201 inquiry
1136 3123 1196 3182 into
1225 3125 1275 3185 the

147 3210 287 3287 antiquity
313 3211 348 3266 of
374 3211 423 3267 tho
446 3210 626 3288 small-pax,
652 3207 769 3267 measles
799 3210 856 3266 and
877 3206 1091 3287 scariot-sever,
1125 3229 1190 3269 now
1212 3208 1274 3269 first

145 3294 295 3371 published
320 3300 371 3352 etc.
394 3295 448 3352 Ed.
474 3293 573 3372 Asbby
597 3294 722 3352 Smith.
750 3291 873 3350 London
897 3287 989 3351 1821.
1011 3289 1041 3353 8.

100 3378 149 3437 Jo.
173 3379 241 3438 Chr.
263 3378 308 3437 W.
335 3379 467 3437 Wendt
492 3378 577 3454 uogle
598 3377 822 3452 Esterretninger
844 3396 891 3435 our
917 3377 1131 3456 Biirnelropper,
1152 3376 1274 3456 Kolrop-

145 3483 197 3540 per
219 3465 313 3538 ogda
337 3463 501 3521 formildede
521 3463 734 3541 Biirnekopper.
768 3461 938 3520 Kiobnhavn
962 3457 1054 3521 1824.
1076 3459 1105 3520 8.
1131 3494 1174 3503 -
1202 3460 1273 3519 Ger-

145 3567 216 3606 man.
241 3567 299 3604 cum
323 3551 440 3606 auctoris
464 3551 548 3625 ipn'aa
569 3548 776 3606 additamentis:
806 3546 941 3620 Beitriage
961 3565 1013 3602 aur
1033 3544 1202 3604 Geschicbte
1221 3546 1273 3604 der

145 3631 426 3710 Mensohenpoclsen,
455 3633 633 3710 Kuhpocken
659 3633 720 3690 und
745 3630 928 3688 modificirten
950 3628 1213 3707 Menscbenpookea
1234 3630 1272 3687 im

145 3715 307 3775 Diinischen
324 3718 431 3778 Staate.
457 3716 626 3794 Kopenhag.
653 3710 746 3776 1824.
762 3712 792 3773 8.
815 3719 981 3787 (Diligenter
995 3717 1177 3789 conscriptum
1191 3735 1273 3789 opus-

148 3797 248 3861 culum3
269 3799 317 3850 olr.
337 3798 445 3866 Aligern.
464 3797 556 3853 medic.
575 3797 668 3853 Annal.
687 3795 763 3862 1824,
782 3812 845 3864 pag.
866 3792 934 3847 1498
949 3796 1002 3862 aq)

98 3869 178 3933 Lud,
202 3869 278 3928 Guil.
299 3870 411 3928 Sachs
438 3870 565 3928 analecta
588 3872 625 3928 ad
652 3869 818 3927 variolarum
847 3867 968 3941 origines
996 3866 1168 3944 spectantia3
1204 3868 1271 3927 diss.

145 3973 198 4032 pro
226 3953 303 4016 loco.
331 3955 514 4030 Regiomonti
540 3949 631 4016 1823.
653 3949 683 4013 8.
711 3985 755 4000 --
776 3951 848 4010 Dein
868 3952 913 4008 sub
934 3949 1028 4009 titulo:
1053 3950 1097 4010 De
1119 3952 1273 4028 originibus

144 4038 313 4096 variolarum
341 4039 419 4097 liber.
463 4039 534 4101 ibid.
562 4033 654 4097 1824.
679 4032 711 4096 8.
733 4041 769 4108 (Ε
781 4041 858 4110 lepra
869 4047 898 4092 et
916 4046 996 4110 peste
1011 4048 1085 4093 ortas
1099 4058 1160 4094 esse
1175 4042 1272 4110 patho·

144 4118 231 4186 logice
248 4118 331 4187 magis
349 4138 425 4189 quam
443 4119 567 4173 historice
585 4118 797 4185 demonstratur.)

100 4190 137 4251 C.
158 4191 184 4250 F
186 4192 268 4253 riedr.
293 4192 405 4251 Theod.
417 4192 559 4250 Kranae
572 4192 642 4249 iiber
660 4191 711 4248 das
722 4188 802 4248 Alter
812 4190 864 4247 der
876 4188 1137 4266 Meascheapoclren
1149 4189 1208 4245 und
1223 4205 1275 4247 aa·

146 4276 230 4335 deret
258 4277 526 4336 exanthematiscber
549 4275 752 4334 Krankbeiten.
795 4272 1107 4333 Historiaob-kritische
1134 4273 1274 4332 Untersu·

147 4360 252 4436 cbung.
296 4361 449 4421 Hannover
472 4357 563 4425 1825.
586 4354 616 4420 8.
639 4363 804 4432 (accuratae
819 4363 1022 4433 disquisitiones
1046 4379 1081 4414 ex
1100 4363 1197 4431 quibus
1213 4362 1274 4416 effi·

148 4456 209 4495 cere
226 4447 338 4496 conatur
356 4448 449 4497 auctor
466 4441 581 4499 variolaa
599 4441 720 4513 gentibus
737 4440 851 4512 antiquis
867 4441 922 4512 jam
939 4445 1015 4495 notas
1032 4437 1137 4508 subse.)
