2888 4958
572 283 705 368 Aegypti.
739 288 848 350 Graeci.
1265 288 1307 354 35

133 441 210 503 Petr.
232 440 370 500 Gerike
405 437 565 520 (Gericke)
597 443 634 500 de
661 439 791 512 Athotis,
828 441 976 502 Tosartlrri
998 450 1027 503 et
1052 444 1304 520 antiquissimorum

175 526 381 604 Aegyptiorum
401 526 544 584 anatomia
559 526 694 585 sabulosa.
712 526 889 592 Helmestud.
902 523 993 589 1739.
1003 524 1035 592 4.
1062 536 1186 605 (Scripta
1200 535 1235 588 do
1249 551 1305 588 mu-

178 608 235 661 miis
251 608 312 661 vide
329 607 378 661 sub
396 606 507 660 historia
527 606 692 674 anatomicis.)
750 662 753 667 ,

135 679 213 739 Curt.
227 682 340 759 Spren
350 679 410 755 gel
426 699 522 757 progr.
538 680 760 756 antiquissimum
774 672 848 756 regis
859 677 982 759 Aegypti
993 680 1131 742 Pharonis
1142 677 1303 764 α’νοὶθημα.

133 760 510 926 Δυῒ196893978115ετ
533 866 630 925 progr.
659 849 696 906 de
720 847 781 906 loto
811 845 956 928 Aegyptia
975 849 1005 909 in
1036 851 1156 910 nummis
1176 853 1303 929 antiquis.

178 934 256 1011 Lips.
275 928 367 993 1746.
385 935 406 997 s.
442 938 512 1005 (etr.
526 938 605 1002 Beuj.
621 937 683 1005 Ray
695 935 725 989 iu
740 937 915 992 Gentlemans
929 956 1033 1007 megan.
1051 949 1078 995 ct
1096 944 1158 996 inda
1175 943 1205 995 iu
1222 944 1304 995 Ham-

179 1016 255 1082 burg.
278 1014 386 1082 Magea.
404 1013 454 1068 Bd.
472 1013 515 1076 23,
531 1014 562 1068 S.
580 1013 631 1064 201
649 1014 704 1081 ig.;
722 1015 784 1065 dcto
801 1014 866 1070 Ren.
886 1016 917 1070 L.
937 1018 1120 1071 Dostontaiuas
1136 1022 1164 1071 iu
1182 1019 1303 1074 Mende

180 1083 280 1141 l'Aoad.
298 1083 324 1138 d.
335 1083 430 1137 soienc.
441 1081 570 1140 deParis.
589 1081 665 1146 1788,
684 1099 711 1152 p.
729 1082 811 1139 443³.
826 1091 852 1138 et
861 1084 952 1143 Journ.
962 1086 995 1138 de
1005 1086 1081 1156 phys.
1091 1097 1111 1144 t.
1121 1087 1164 1144 33.
1175 1104 1200 1157 p.
1209 1087 1260 1142 aa?
1269 1094 1304 1155 s.)

466 1257 509 1324 Ἀ
601 1252 970 1327 Graeca

545 1401 606 1443 aa.
645 1388 887 1447 tieroerattm.

134 1491 210 1558 Petr.
235 1493 369 1553 Gerilce
393 1493 431 1552 de
457 1491 560 1552 scholis
585 1499 671 1568 atque
695 1479 829 1554 institutis
861 1496 974 1554 medicis
1005 1498 1034 1554 in
1068 1496 1186 1555 Graecia
1218 1485 1305 1574 atque

178 1577 310 1657 Aegypto
341 1579 434 1653 deque
467 1578 621 1636 medicinae
652 1584 727 1637 statu
751 1581 780 1637 in
804 1580 924 1640 Graecia
944 1588 1010 1639 ante
1032 1582 1212 1658 Hippocratis
1233 1588 1304 1641 tem-

147 1720 150 1724 .
179 1683 260 1741 pora.
282 1662 456 1721 Helmestad.
470 1657 561 1722 1745.
577 1657 699 1743 (1748.)
716 1659 746 1721 4.
790 1670 867 1737 (Cir.
883 1670 916 1721 F.
933 1672 969 1722 G.
987 1670 1155 1723 Weleker
1173 1676 1216 1729 dio
1234 1678 1304 1729 ilco.

179 1752 237 1797 stoa
256 1745 401 1815 Zeuguisro
410 1747 463 1811 sair
480 1745 571 1796 iuuere
589 1745 741 1799 Heilkuude
759 1747 800 1800 bei
817 1748 869 1799 dea
889 1747 1018 1800 Grieolrcu
1042 1746 1069 1799 in
1086 1747 1192 1805 Becker
1210 1746 1303 1801 annal

179 1813 204 1868 d.
224 1812 370 1866 Heillrunde
388 1812 465 1876 1832,
483 1811 571 1865 XXII.
597 1813 626 1869 S.
646 1813 704 1882 26.)

136 1883 182 1944 Jo.
205 1884 279 1962 Aug.
304 1882 519 1944 Wohlfarth
541 1885 750 1963 Biographieeu
772 1886 955 1962 griechischer
977 1883 1081 1946 Aerzte
1102 1907 1154 1948 aus
1175 1890 1226 1948 der
1247 1889 1306 1947 Ge-

180 1971 303 2029 sohichte
324 1970 374 2027 der
395 1969 517 2029 Medicin
537 1972 589 2026 des
612 1971 651 2029 H.
672 1970 794 2029 Leclerc.
838 1971 920 2030 Halle
948 1966 1037 2032 1770.
1062 1966 1090 2029 8.

138 2055 204 2113 Car.
227 2054 293 2115 Glo.
314 2054 420 2125 Kiihn
448 2055 485 2112 de
513 2073 598 2113 causa
624 2057 721 2114 mortis
747 2055 890 2113 hominum
919 2074 993 2130 aqua
1014 2055 1221 2114 submersorum
1243 2075 1306 2114 eos-

182 2140 279 2214 quein
301 2140 385 2196 vitam
403 2140 553 2197 revocandi
576 2140 685 2197 ratione
706 2141 846 2198 veteribus
869 2139 1005 2197 Graeciae
1026 2139 1140 2197 medicis
1162 2147 1304 2217 usurpata.

180 2223 259 2302 Lips.
282 2218 372 2284 1778.
393 2218 424 2284 4.
445 2236 494 2266 -’
511 2223 600 2281 Redit
618 2227 648 2282 ia
670 2223 793 2301 Ejusd.
817 2224 939 2302 Opuscc.
962 2224 1042 2285 acad.
1061 2223 1124 2282 Vol
1138 2223 1160 2282 l.
1184 2219 1242 2302 p.l
1261 2243 1305 2299 sq.

137 2341 182 2354 -
213 2341 256 2353 -
293 2306 389 2386 (resp.
423 2307 490 2369 Chr.
530 2308 599 2367 th.
631 2309 665 2367 F.
698 2309 818 2386 Webel)
858 2311 895 2369 de
930 2307 1104 2386 philosophis
1130 2314 1197 2367 ante
1232 2308 1306 2386 Hip-

180 2398 323 2471 pocratem
345 2392 499 2451 medicinae
520 2392 682 2467 cultoribus,
708 2396 746 2451 ad
767 2394 842 2452 Celsi
864 2394 900 2451 de
921 2394 1019 2455 medic.
1042 2393 1161 2471 praefat.
1186 2393 1306 2471 Specim.

180 2478 202 2543 l.
245 2477 324 2555 Lips.
347 2470 440 2538 1781.
461 2473 491 2534 4.
518 2495 561 2520 ·-
582 2477 669 2537 Redit
689 2482 719 2536 iu
738 2478 763 2535 J.
787 2478 853 2536 Chr.
876 2479 931 2536 Gli.
955 2478 1131 2537 Ackermann
1143 2498 1256 2556 opuscc.
1268 2478 1307 2535 ad

179 2563 333 2622 medicinae
364 2560 508 2620 historiam
540 2564 690 2641 pertinent.
723 2558 814 2624 1797.
845 2583 872 2641 p.
901 2557 1085 2622 237—292
1117 2568 1143 2621 et
1168 2567 1198 2621 in
1218 2562 1307 2619 Kiihn

181 2647 304 2725 Opuscc.
341 2646 421 2704 aca'd.
457 2646 521 2704 Vol.
549 2646 570 2704 l.
602 2666 670 2725 pag.
702 2642 743 2707 47
761 2682 799 2692 -
813 2642 863 2706 86.
933 2650 1051 2718 (Agitur
1077 2651 1112 2702 de
1137 2652 1306 2720 Pythagora.

182 2728 338 2782 Alcmaeone
356 2733 384 2781 et
400 2726 567 2798 Empedocles,
586 2730 691 2799 specim.
711 2727 821 2780 alterum
839 2743 968 2796 uunquam
986 2727 1083 2780 editum
1101 2729 1163 2792 ost.)

456 2901 519 2959 bu·
582 2900 778 2954 Acratum
812 2896 977 2970 rimanti.

578 3032 608 3069 o.
643 3022 717 3070 Non
734 3019 862 3070 mint.

536 3134 593 3186 An.
653 3135 898 3187 Homerus.

138 3238 243 3299 Anton.
263 3238 435 3299 Valetius
457 3239 557 3314 oratio,
581 3259 637 3315 qua
654 3240 807 3298 medicinae
819 3238 970 3313 antiquitas
986 3256 1020 3295 ex
1035 3238 1225 3314 antiquissimo
1237 3240 1310 3315 poi.-

181 3331 272 3383 tarum
296 3324 423 3381 Homero
445 3324 537 3382 obiter
562 3330 590 3382 et
615 3324 764 3400 allegorice
785 3322 957 3381 describitur.
1001 3321 1088 3385 Paris.
1112 3317 1203 3382 1570.
1226 3319 1256 3380 8.

138 3405 404 3553 Adppnogrpndel
427 3406 515 3487 (resp.
526 3408 553 3466 J.
566 3408 629 3468 Gfr.
643 3408 754 3488 Oertel)
784 3408 850 3465 diss.
873 3407 910 3465 de
931 3406 1057 3464 Homero
1072 3407 1191 3464 medico.
1215 3405 1308 3463 Viteb.

140 3575 185 3635 Jo.
209 3577 278 3635 Chr.
304 3575 335 3634 H
342 3575 488 3653 aynisch
519 3594 615 3655 progr.
647 3545 803 3634 Homerum
830 3564 897 3634 ariis
918 3571 1050 3633 medendi
1071 3572 1191 3649 peritum
1215 3570 1308 3628 fnisse.

184 3661 294 3720 Schleiz
320 3655 455 3719 1736.ss
535 3671 537 3674 ·
863 3675 866 3680 ·

140 3744 185 3808 lo.
208 3745 266 3804 Gli.
283 3743 434 3804 Daehne
454 3743 574 3823 epistola
596 3744 632 3800 de
652 3743 789 3802 medicina
809 3741 936 3800 Homeri.
957 3738 1034 3814 Lips.
1059 3730 1150 3797 1746.
1168 3729 1207 3798 -4,
1238 3742 1308 3810 (Cir.

183 3826 216 3882 F.
237 3826 271 3879 G.
290 3825 454 3878 Welolrer
483 3824 708 3877 Waudhcitlcnust
726 3826 773 3876 der
790 3824 896 3876 Heroon
912 3819 954 3872 boi
971 3818 1070 3869 Homer
1088 3815 1114 3868 in
1131 3817 1237 3870 Hecker
1253 3821 1309 3871 Au-

183 3893 236 3957 ual.
260 3895 287 3949 d.
305 3893 452 3947 Heillruude
471 3893 546 3948 1832.
565 3891 667 3945 Xlllll.
685 3891 759 3957 267.)

142 3964 245 4024 David.
267 3966 331 4029 Glo.
354 3966 455 4026 Wolf
472 3968 508 4023 de
518 3954 601 4023 rebus
613 3984 647 4022 ex
658 3965 783 4022 Homero
795 3959 908 4019 medicis
919 3955 1046 4034 epistola.
1066 3956 1160 4017 Viteb.
1176 3953 1267 4017 1791.
1279 3953 1308 4014 4.

187 4046 258 4113 (cfr.
275 4047 330 4105 Jer.
348 4047 415 4099 Rud.
426 4045 675 4098 Lichteustidt
693 4043 870 4109 Dorrtellaug
888 4039 935 4091 dor
948 4038 978 4089 in
996 4038 1046 4088 dau
1060 4037 1247 4096 Homeriselrca
1257 4037 1310 4088 Ge-

184 4117 290 4186 sciugea
311 4116 493 4169 obmutteadcu
511 4115 657 4166 Aaoiolrteu
677 4115 742 4164 cibor
770 4109 882 4160 Natur—
905 4107 962 4159 aad
986 4105 1139 4158 Hcitkuadc
1160 4105 1187 4156 iu
1204 4104 1310 4155 Heclrer

187 4185 277 4237 Annal.
297 4187 344 4238 der
360 4184 448 4239 Heillr.
467 4180 608 4236 1827.1x.
626 4179 677 4234 257
696 4196 736 4247 sq.
753 4176 805 4229 385
823 4179 874 4243 sq.)

140 4257 206 4321 Car.
230 4257 306 4320 Guil.
324 4255 507 4315 Halbkart
527 4251 711 4330 psychologia
732 4249 898 4322 Homerica,
926 4245 984 4302 sire
1006 4245 1041 4301 de
1062 4241 1212 4300 Homerica
1238 4243 1310 4300 circa

141 4384 145 4393 ·
183 4342 305 4401 animam
327 4341 373 4401 rel
392 4339 553 4416 cognitione
572 4338 617 4397 vel
638 4336 770 4415 opinione
784 4329 991 4391 commentatio.
1020 4325 1166 4386 Ziilliclrau
1178 4320 1269 4386 1796.
1280 4321 1309 4385 8.

141 4426 207 4486 Carl
228 4427 327 4488 Heinr.
349 4424 433 4487 wilh.
459 4421 617 4485 Voellrer
637 4421 802 4499 Programm
818 4418 890 4477 iiber
905 4415 952 4475 die
966 4413 1138 4571 Bergeptung
1152 4431 1208 4482 von
1223 4405 1308 4492 ψυχή
