2888 4958
594 294 757 358 Diaetetice.

314 465 393 533 cc
444 445 757 534 Potutenca
794 446 1031 554 annulo.

560 625 591 665 α.
632 599 787 690 Am·

81 738 216 801 Vincent.
239 737 365 797 Butius
387 735 505 816 (Boaio)
530 738 568 797 de
588 738 693 811 calido,
718 737 822 813 frigido
844 744 873 796 et
896 743 1054 815 temperato
1079 738 1258 816 antiquorum

99 836 102 841 '
127 833 198 904 potu
229 831 258 883 et
283 824 426 899 quomodo
451 823 541 880 calida
566 822 594 880 in
616 823 720 881 deliciis
741 827 895 880 uterentur.
923 823 1005 880 Rom.
1026 818 1118 886 1653.
1135 821 1257 908 (1655.)

126 905 157 968 4.
173 941 218 953 -
234 908 321 966 Redit
333 911 365 964 in
383 906 486 964 Graev.
501 914 531 965 et
544 908 670 966 Gronov.
681 908 802 965 thesaur.
824 909 930 982 antiqu.
946 907 1010 967 ΧΠ.
1039 913 1113 980 (cfr.
1134 914 1258 969 Leuconi

126 988 155 1042 in
174 990 269 1046 Gioro.
284 989 324 1042 dc'
341 988 462 1042 tcttcrcti
474 987 584 1040 d'itolic
595 987 706 1040 XXXII.
724 987 765 1042 li.
774 995 802 1040 et
812 988 912 1041 Nordii
920 996 987 1040 noct.
997 990 1099 1059 gerrici.
1111 991 1127 1042 1
1131 991 1161 1044 V.
1177 991 1256 1062 284.)

80 1059 190 1124 Anton.
217 1061 347 1120 Persio
368 1061 414 1117 del
439 1059 523 1118 bever
544 1061 627 1119 caldo
649 1066 805 1119 costumato
827 1061 903 1136 degli
924 1062 1026 1118 antichi
1044 1062 1173 1122 Romani.
1200 1065 1258 1124 Ve-

126 1166 189 1207 nez.
216 1141 306 1205 1593.
328 1141 357 1207 8.
373 1157 444 1224 (cfr.
460 1159 501 1212 Jo.
522 1157 737 1212 Frciarhciru
752 1159 785 1210 do
801 1159 906 1211 calidae
921 1165 988 1228 potu
1006 1159 1069 1216 disc.
1090 1158 1117 1213 in
1135 1160 1254 1220 Gronov.

127 1228 194 1282 thes.
213 1227 313 1296 antiqu.
333 1227 431 1281 Graec.
449 1227 500 1280 voi.
520 1227 583 1293 IX.)

81 1301 156 1359 Geo.
184 1300 250 1358 Chr.
288 1298 457 1358 Gebauer
489 1301 526 1357 de
557 1298 655 1357 caldae
686 1305 715 1357 et
747 1298 819 1356 caldi
849 1300 926 1376 apud
953 1304 1061 1358 veteres
1093 1307 1165 1379 poto
1186 1302 1256 1362 liber

126 1385 282 1460 singularis.
316 1383 394 1460 Lips.
417 1379 508 1444 1721.
531 1378 560 1448 8.
589 1381 653 1442 Cum
675 1378 696 1441 3
717 1384 788 1444 tobb.
811 1402 871 1441 oen.
899 1389 1079 1457 (Lucubratio
1100 1391 1255 1464 antiquaria

126 1465 198 1519 circa
214 1481 300 1535 aquae
318 1464 421 1518 calidae
438 1473 537 1535 potum,
554 1481 630 1532 vaso,
648 1463 823 1535 thermopolia
841 1463 888 1532 ai.)

536 1606 565 1688 β.
618 1603 804 1676 Vincam.

78 1721 221 1783 Alexand.
235 1723 454 1783 Hendcrson
468 1724 518 1784 the
538 1725 647 1803 history
664 1728 699 1784 of
709 1726 820 1783 ancient
836 1727 894 1784 and
913 1724 1032 1783 modern
1044 1724 1138 1789 wincs.
1159 1723 1254 1792 Lond.

128 1804 220 1868 1824.
242 1808 272 1871 4.
294 1842 336 1853 —
350 1807 478 1868 German.
505 1811 626 1869 Weimar
638 1805 730 1873 1833.
742 1805 773 1871 8.
800 1813 893 1886 (Opus
906 1815 1044 1884 copiosum
1056 1822 1085 1867 et
1095 1816 1253 1885 curiosum.)

35 1968 41 1979 ὁ
79 1892 165 1952 Edw.
187 1893 301 1971 Barry
322 1893 514 1953 observatioos
536 1915 574 1955 on
600 1896 648 1954 the
669 1896 754 1954 wines
776 1895 811 1952 os
831 1895 879 1953 the
900 1897 1026 1953 ancients
1046 1897 1103 1953 and
1123 1897 1171 1956 the
1185 1915 1254 1957 ana·

124 1978 194 2054 logy
215 1979 342 2037 between
363 1979 439 2036 them
461 1981 518 2038 and
541 1981 658 2038 modern
680 1980 777 2038 wines.
809 1977 902 2040 Lond.
928 1974 1018 2042 1775.
1041 1975 1069 2036 4.
1096 1992 1164 2056 (cfr,
1183 1996 1252 2052 Aur,

128 2060 305 2112 assuetos
332 2061 364 2112 dc
386 2060 451 2112 oiao
473 2078 506 2112 oc
527 2063 584 2128 ejus
601 2078 651 2113 osu
668 2066 695 2112 ct
713 2061 797 2111 ahora
817 2061 931 2124 tihellus,
947 2059 994 2179 {ui
1011 2058 1115 2112 multum
1134 2061 1253 2115 historici

124 2127 257 2192 continet,
275 2127 302 2179 in
326 2129 445 2184 Gronov.
469 2129 585 2185 thesaur.
612 2127 714 2198 antiqu.
739 2128 836 2184 Graec.
862 2127 946 2183 vol.1
1000 2136 1028 2180 et
1044 2144 1103 2180 cum
1119 2128 1253 2184 Meiboroii

126 2213 216 2254 comm.
236 2196 269 2248 de
287 2195 427 2264 cervisiis.)

77 2266 125 2330 Jo.
142 2269 270 2330 Godofr.
293 2268 490 2329 Wallerius
511 2268 599 2348 (resp.
623 2266 897 2328 OlausNordehoim
914 2268 1091 2343 Westmann)
1112 2270 1149 2329 de
1163 2271 1253 2351 prima

122 2353 250 2411 vinorum
275 2354 383 2431 origine
404 2355 514 2417 casuali.
558 2354 653 2413 Holm.
681 2348 774 2413 1760.
800 2347 830 2417 4.
855 2357 937 2426 (Vide
949 2376 1031 2428 supra
1041 2376 1106 2427 pag.
1120 2361 1191 2427 104.)

78 2436 124 2495 Jo.
149 2437 183 2496 F.
205 2435 362 2498 Neilrter
383 2435 473 2516 (resp.
498 2438 543 2496 Jo.
569 2439 603 2497 E.
628 2437 792 2516 Agerberg)
818 2440 855 2498 de
875 2439 931 2498 sini
951 2459 1004 2500 usu
1021 2439 1129 2499 feminis
1143 2439 1253 2502 Romae

121 2523 280 2582 interdicto.
311 2523 412 2603 Upsai.
439 2518 532 2588 1789.
558 2519 588 2587 4.

418 2700 444 2759 γ.
486 2674 768 2745 mamista
797 2675 912 2747 alia·

80 2793 125 2858 Jo.
147 2793 235 2851 licor.
257 2793 411 2855 Meiborn
434 2797 471 2855 de
493 2796 614 2854 cervisiis
635 2797 805 2875 potibusque
826 2800 855 2853 et
881 2792 1077 2853 ebriaminihus
1102 2799 1182 2853 extra
1208 2795 1250 2853 vi-

122 2898 189 2937 num
210 2879 270 2937 aliis
296 2881 518 2940 commentarius.
543 2879 610 2939 Ace.
631 2879 700 2939 Adr.
726 2880 754 2939 T
756 2879 853 2937 ornebi
874 2878 981 2938 libellus
1010 2879 1047 2937 de
1072 2879 1147 2940 vino.
1177 2879 1250 2939 Hel-

120 2965 239 3027 mcstad.
258 2960 348 3023 1668.
361 2960 389 3023 4.
408 2999 451 3010 -
467 2965 556 3023 Redit
566 2968 596 3023 iu
611 2965 737 3025 Gronov.
752 2965 874 3023 thesaur.
891 2963 998 3039 antiqu.
1021 2963 1120 3026 Gracc.
1133 2963 1188 3022 vol.
1200 2965 1249 3023 IX.

121 3043 278 3114 (copiosus,
297 3046 386 3098 varius
403 3054 431 3100 et
448 3046 565 3100 eruditus
582 3046 697 3112 libellos,
721 3063 775 3098 nou
800 3044 881 3099 solum
906 3044 939 3096 ad
962 3050 1069 3096 veteres
1083 3045 1204 3099 Graecos
1221 3055 1250 3100 ct

120 3112 252 3164 Romanor
270 3115 316 3166 sed
334 3115 413 3167 etiam
431 3117 465 3168 ad
483 3115 629 3168 recentiore
646 3123 765 3185 tempora
783 3113 901 3182 aliosque
917 3113 1027 3183 populos
1045 3116 1187 3182 spectans.)

81 3184 177 3262 steph.
206 3186 296 3245 Andr.
320 3187 452 3247 Mizler
478 3187 585 3267 (praes.
609 3187 645 3252 G.
669 3188 702 3247 C.
726 3184 921 3264 Kirchmayer)
944 3187 980 3244 de
1005 3192 1131 3245 veterum
1154 3187 1249 3246 Celta-

119 3289 181 3327 rum
201 3270 269 3328 coiia
290 3277 319 3329 et
339 3273 425 3349 zytho
446 3275 485 3332 ad
505 3273 698 3331 illustrandum
709 3271 786 3329 Flori
808 3272 899 3329 locum
914 3271 986 3347 disp.
1008 3270 1101 3334 Viteb.
1117 3267 1206 3334 1695.
1218 3269 1248 3330 4.

120 3351 176 3417 (Aa
191 3350 265 3403 niori
276 3351 366 3409 histor.
381 3354 456 3413 Rom,
467 3353 502 3406 Π.
517 3353 557 3408 18.
573 3352 872 3410 lactrocinium
886 3351 974 3408 XXII.
993 3351 1036 3416 25,
1049 3369 1070 3408 s.
1083 3351 1126 3405 82.
1140 3353 1163 3420 h.
1177 3351 1248 3418 164.)

80 3416 168 3495 Οἷνος
188 3426 340 3504 κρίθινος,
368 3443 385 3483 a
406 3427 584 3484 dissertation
607 3426 775 3502 concerning
796 3425 844 3483 the
869 3425 959 3500 origin
981 3424 1037 3482 and
1059 3424 1197 3498 antiquity
1218 3424 1254 3481 of

120 3507 321 3585 borley-wiue.
359 3511 472 3568 Oxsord
495 3506 586 3575 1750.
611 3509 642 3571 4.
671 3523 723 3588 (De
740 3522 899 3579 cerevictuu
922 3523 989 3585 ‘tur3
1008 3520 1056 3573 cfr.
1070 3534 1174 3588 quoquo
1192 3518 1247 3571 Hi-

120 3590 251 3642 otoricchc
266 3591 403 3646 Attaudt.
421 3610 448 3646 o.
465 3591 544 3645 aare
563 3591 591 3645 in
608 3592 729 3647 Hannon.
748 3593 854 3661 Magoa.
878 3539 1003 3656 177118.
1022 3587 1095 3652 178)

81 3660 111 3722 S.
134 3660 345 3721 Morewood
374 3682 391 3721 a
414 3663 616 3742 philosophica!
644 3667 702 3724 aud
727 3664 871 3724 statistical
896 3663 1003 3737 history
1024 3660 1060 3716 of
1075 3660 1125 3717 the
1149 3658 1247 3717 inven-

120 3745 194 3804 tions
216 3749 273 3805 and
295 3753 417 3806 costums
439 3750 474 3807 of
493 3751 605 3808 ancient
628 3752 685 3809 and
713 3751 830 3809 modern
853 3747 965 3807 nations
985 3746 1013 3802 in
1042 3744 1091 3803 the
1117 3744 1248 3803 manufa-

78 3912 82 3925 ν
118 3835 198 3890 ctuae
218 3833 277 3890 aod
298 3851 348 3892 use
368 3835 403 3892 of
424 3833 591 3912 inebriating
611 3835 727 3910 liquors.
752 3834 857 3894 Dublin
884 3824 975 3889 1838.
996 3823 1027 3887 8.

441 4005 468 4066 c.
510 4001 664 4073 Potor
689 3999 889 4092 coffeoe.

79 4111 141 4176 Aur.
165 4117 322 4178 Galland
352 4123 389 4181 de
415 4123 542 4200 l’origine
574 4129 603 4181 et
627 4126 666 4182 du
691 4124 810 4201 progres
837 4121 876 4180 du
897 4120 986 4195 caat,
1011 4116 1117 4178 traduit
1138 4133 1186 4172 snr
1207 4133 1247 4173 un

118 4205 270 4263 manuscrit
293 4204 395 4265 Arabe.
429 4208 508 4267 Cain
537 4203 698 4266 1699.12.
728 4239 770 4251 -
799 4202 864 4264 Gom
891 4203 941 4263 La
960 4205 1090 4278 Roque
1114 4198 1246 4259 memoire

118 4295 289 4348 concernunt
311 4291 412 4351 I’arbre
436 4302 465 4352 et
489 4293 516 4352 le
536 4293 604 4352 fruit
628 4293 668 4352 du
688 4291 769 4350 catii.
813 4291 891 4349 Paris
912 4282 1004 4349 1716.
1027 4281 1076 4347 12·
1094 4297 1245 4367 (cononum

119 4385 185 4440 opus
204 4370 325 4440 lectuque
342 4372 460 4442 dignum
488 4375 589 4429 Arabes
610 4373 683 4444 ipsos
705 4390 757 4426 non
777 4379 838 4426 anta
862 4388 932 4425 saec.
954 4370 1015 4426 XV.
1034 4367 1084 4422 hoc
1101 4374 1165 4437 poto
1183 4382 1245 4420 uros

118 4454 177 4493 cccc
194 4446 222 4494 et
238 4441 346 4510 puniunt
364 4442 390 4496 iu
409 4442 517 4498 civitate
534 4443 653 4498 Adonin
670 4439 1044 4515 provincioechenlittore
1065 4434 1246 4504 ceunomo.)
