2888 4958
625 313 735 375 Lexica.
1225 312 1266 376 1³

136 473 317 532 beschrieben
342 471 465 530 werden.
508 465 602 529 Nebst
624 469 700 528 einer
721 467 849 528 Vorrede
869 487 926 528 von
947 468 1002 528 Gli.
1025 466 1152 527 Stolle.
1192 466 1265 527 Jena

140 554 232 618 1740.
258 553 289 618 4.
333 569 419 638 (Opus
437 569 532 620 bonum
558 573 586 618 et
608 565 686 618 hodie
703 565 789 619 adhuc
806 566 834 619 in
852 583 918 633 usu3
951 566 1072 636 optimum
1091 581 1177 620 eorum
1196 580 1264 636 qnae

140 640 173 692 K.
192 639 225 691 de
243 638 352 691 historia
371 636 514 689 medicinae
532 635 699 704 elaboravit.)

96 710 159 770 Nic.
181 712 205 768 F
208 731 282 769 rane.
304 711 364 768 dos.
387 710 478 787 Eloy
501 707 685 767 dictionnaire
708 706 862 782 historique
888 707 924 766 de
949 706 977 764 la
999 707 1157 778 medecine‚
1197 725 1264 765 con·

139 802 238 855 tenant
260 815 312 852 son
335 796 452 870 origine,
478 813 521 852 ses
542 793 662 870 progres
684 797 736 851 etc.
791 791 881 869 Liege
903 798 932 849 et
951 791 1100 850 Francfort
1121 785 1212 852 1755.
1233 785 1263 848 8.

139 916 182 924 -
204 880 316 939 Italico:
348 879 452 957 Napoli
474 872 716 936 1761-1765.
742 871 772 934 4.
808 909 851 920 -
886 875 986 934 Editio
1008 876 1149 934 admodum
1170 870 1263 934 auctu:

40 1000 43 1004 »
138 965 261 1024 Diction.
284 964 348 1024 hist.
371 965 406 1022 de
427 964 453 1021 la
473 964 547 1021 med.
567 961 702 1020 ancienne
724 966 752 1019 et
773 961 917 1038 medune,
942 981 979 1019 ou
1000 962 1146 1019 memoires
1167 961 1265 1038 dispo·

139 1052 186 1108 ses
208 1070 243 1107 en
273 1052 354 1106 ordre
382 1048 491 1126 alphab.
517 1067 593 1125 pour
619 1047 704 1104 servir
725 1048 743 1105 a
764 1045 895 1104 l'histoire
921 1047 958 1104 de
984 1052 1058 1104 cette
1078 1047 1186 1105 seience
1210 1051 1263 1107 etc.

139 1134 223 1192 Mons
246 1129 335 1193 1778.
360 1129 391 1192 4.
440 1133 505 1190 Voll·
529 1128 560 1192 4.
581 1142 654 1219 ſsia
681 1142 731 1193 hac
758 1144 874 1196 secunda
897 1143 1011 1196 editione
1033 1142 1099 1197 satis
1117 1142 1219 1213 plenum
1236 1147 1263 1194 et

142 1215 272 1284 copiosum
291 1232 364 1283 opus,
384 1213 424 1266 cui
442 1231 506 1267 vero
524 1212 601 1264 fidem
621 1211 718 1264 habere
735 1228 785 1264 non
803 1213 899 1282 ubique
916 1214 1002 1280 licet.)

96 1287 155 1345 Jos.
187 1287 287 1361 Frane.
313 1287 437 1345 Barthel.
465 1286 619 1344 Currere
655 1285 843 1360 bibliotheque
879 1286 1012 1344 litteraire
1043 1284 1200 1360 historique
1234 1288 1264 1341 et

137 1372 252 1447 critique
275 1371 359 1428 dela
384 1372 529 1428 mddecine
561 1369 695 1426 ancienne
724 1376 754 1426 et
781 1372 924 1429 moderna.
977 1371 1083 1430 Tomes
1111 1368 1146 1426 ΙΙ.
1171 1368 1197 1426 Α
1222 1401 1264 1412 -

136 1458 259 1513 Coivart.
285 1456 363 1513 Paris
388 1450 479 1516 1776.
506 1450 535 1512 4.
572 1464 644 1533 (Non
656 1465 765 1534 amplius
784 1467 976 1532 continuatum
996 1467 1174 1536 supplementa
1191 1465 1264 1519 dedit

138 1537 243 1589 Becher
259 1536 285 1587 in
303 1536 394 1593 Joum.
413 1538 446 1590 de
464 1534 604 1600 medecina
624 1535 687 1590 ehir.
706 1543 733 1587 et
750 1535 849 1604 phorm.
867 1536 943 1590 Paris
963 1535 1037 1592 1777.
1056 1544 1118 1592 tom.
1128 1535 1162 1589 47
1172 1542 1199 1589 et
1206 1535 1263 1602 48.)

94 1610 267 1687 Biographie
296 1610 439 1671 me'dicale.
483 1605 772 1669 V011.vi{.A-z.
816 1609 893 1667 Paris
918 1604 1142 1670 1820—1825.
1167 1605 1196 1668 8.
1221 1640 1264 1654 -

140 1694 268 1756 German.
290 1701 357 1756 cort.
381 1692 414 1752 Α.
436 1693 522 1752 Ferd.
547 1693 815 1768 Briiggemann.
836 1694 892 1752 Bd.
915 1689 943 1752 1.
968 1692 1118 1770 A-Boyl,
1143 1693 1264 1751 Haiber-

137 1780 214 1837 stadt
238 1775 329 1837 1829.
354 1775 383 1838 8.
394 1826 405 1832 --
427 1791 515 1860 (Opus
523 1790 627 1843 Gallica
645 1789 732 1858 lingua
750 1809 766 1844 a
784 1791 865 1844 variis
883 1791 1034 1845 auctoribus
1051 1791 1181 1844 directore
1190 1793 1220 1847 Α.
1230 1791 1263 1848 L.

138 1860 164 1916 J.
179 1860 296 1943 dourdan
320 1860 493 1944 conscriptum
519 1860 611 1912 seriem
636 1860 824 1943 alphabeticum
848 1861 982 1930 sequitur,
1019 1860 1218 1943 vitaslenarrat
1235 1869 1264 1916 et

138 1930 553 2065 tittttttttrtttgtt
566 1929 831 2050 717ὲῖ71ῗῖ17
833 1947 963 2051 ‘tt'tt
977 1937 1130 2050 tut?
1130 1931 1264 2052 attii}

140 2066 265 2119 buturium
283 2067 422 2134 medicum,
458 2067 527 2136 quod
551 2067 620 2134 apud
644 2016 820 2118 Paisdiroucke
844 2016 1197 2136 bibiiopotsnii’arisiensem
1214 2070 1264 2122 sub

139 2135 215 2187 titulo
234 2135 420 2188 Dietiouuuire
438 2138 482 2189 dee
498 2135 611 2187 soieuccs
630 2135 770 2188 medicatas
788 2135 946 2206 prodierat.)

95 2206 344 2285 Dezeimeris,
378 2208 532 2266 Ollivier
557 2205 733 2282 d’Angers
754 2213 783 2266 et
807 2206 1118 2284 Raige-Delorme
1145 2208 1265 2271 diction-

137 2294 214 2351 naire
235 2292 389 2368 historique
410 2293 494 2352 dela
515 2292 658 2351 medecine
683 2293 815 2351 ancienne
837 2300 865 2351 et
885 2293 1029 2363 modeme‚
1053 2313 1091 2350 ou
1115 2294 1205 2371 precis
1227 2297 1264 2356 de

137 2377 269 2436 l’histoire
295 2378 438 2453 generale,
460 2376 679 2452 technoiogique
704 2384 732 2436 et
753 2378 885 2436 litteraire
910 2379 946 2435 de
967 2377 994 2435 la
1015 2377 1170 2452 me'decine,
1193 2381 1264 2439 snivi

138 2464 175 2521 de
193 2462 220 2519 la
235 2462 438 2540 bibliographie
452 2461 587 2520 mddicaie
603 2463 643 2519 du
658 2462 733 2519 xix.
749 2463 843 2539 siecle,
868 2469 898 2521 et
914 2464 980 2520 d'un
996 2464 1149 2540 repertoire
1164 2464 1263 2525 biblio-

137 2549 293 2625 graphique
304 2567 355 2624 par
367 2550 450 2606 ordre
462 2548 498 2605 de
508 2547 647 2604 matidies.
662 2546 767 2604 Tomes
777 2545 935 2604 ivm-z.
953 2547 1031 2605 Paris
1044 2542 1220 2608 1828-39.
1232 2547 1261 2615 8.

140 2629 267 2690 (hericon
278 2628 334 2680 bio·
347 2636 373 2680 et
392 2627 622 2696 bibliographicnm
642 2645 657 2678 a
674 2627 790 2680 sontibus
807 2627 976 2692 secundariis,
995 2628 1129 2681 continens
1139 2629 1263 2685 selectum

138 2697 296 2751 medicorum
314 2698 423 2751 omnium
441 2698 564 2767 gentium,
584 2697 629 2766 qui
646 2695 713 2750 diem
731 2714 877 2767 supremum
894 2698 947 2767 jam
965 2697 1108 2766 obierunt.)

582 2895 789 2907 ...----—-·-

164 3090 286 3209 Π.
335 3093 771 3214 Doctrina
807 3093 911 3211 rte
945 3092 1195 3217 usurus

506 3233 854 3355 medicis

656 3411 707 3450 seu

364 3484 708 3600 Literatura
751 3485 1001 3601 medica

260 3798 339 3892 A.
407 3797 725 3896 Historia
769 3797 1095 3894 literaria.

94 3961 186 4021 Andr.
213 3963 321 4026 Ottom.
356 3969 532 4028 Goelicke
560 3971 731 4030 introductio
761 3970 788 4027 in
820 3967 963 4026 historiam
998 3966 1159 4026 litterariam
1195 3964 1285 4023 seri?

137 4055 269 4126 ptorum‚
296 4053 343 4127 qui
360 4054 547 4114 institutiones
570 4056 724 4113 medicinae
749 4054 856 4131 seriptis
879 4055 936 4111 suis
957 4053 1093 4111 illustrare
1114 4050 1192 4109 cordi
1212 4050 1262 4107 ha-

137 4135 267 4194 buerunt.
310 4137 441 4197 Francos.
467 4141 504 4197 ad
529 4139 625 4197 Viadr.
649 4134 739 4199 1735.
764 4135 793 4195 4.

93 4217 138 4278 Jo.
165 4219 242 4277 Frid.
269 4222 514 4281 Blumenbach
540 4224 710 4281 introductio
735 4223 764 4279 in
796 4221 940 4280 historiam
971 4221 1124 4279 medicinae
1158 4216 1264 4276 littera-

136 4305 214 4366 riam.
259 4305 388 4384 Gottiug.
412 4303 503 4369 1786.
529 4304 559 4367 8.
595 4320 650 4386 (Ab
669 4319 854 4388 antiquissimis
878 4318 1037 4389 temporibus
1063 4333 1145 4386 usque
1166 4315 1201 4368 ad
1219 4333 1263 4370 ra·

137 4385 302 4453 centissima;
317 4389 398 4442 breve
417 4405 483 4457 opus
500 4389 546 4442 sed
564 4389 699 4442 admodum
717 4389 895 4456 laudandum.)

92 4455 119 4514 J.
141 4457 215 4519 Dan.
240 4458 404 4536 Metager
425 4462 528 4521 Skizze
554 4463 630 4522 einer
661 4463 887 4543 pragmatischen
916 4458 1187 4536 Literirgeschichte
1212 4460 1264 4518 der
