2888 4958
196 275 258 345 178
524 232 530 246 ⁸
682 272 877 350 Psycbiatrice.

200 435 271 496 Gen.
292 430 432 491 Fronek
451 429 495 487 de
515 427 757 487 Franckenau
778 426 856 486 nokir
871 423 1003 484 Arabum.
1028 425 1210 503 Heidelberg.
1231 421 1324 487 1684.
1336 421 1369 490 4.

241 514 354 581 (Tumor
370 511 520 566 fletuientus
537 509 669 563 eubulum
686 508 726 561 uti
743 508 776 561 de
793 510 903 577 topeode
919 507 1025 575 varen.)

225 750 442 874 XVI.
510 748 918 872 Histmu
954 749 1341 896 psychicu-

638 906 923 1026 trices.

510 1171 570 1245 a.
640 1146 1050 1246 Generatim.

201 1335 260 1394 Jos.
290 1334 392 1412 Oegg
416 1337 454 1394 de
476 1339 544 1396 sede
568 1344 597 1397 et
626 1340 735 1414 origine
762 1339 922 1397 morborum
943 1337 1138 1416 psychicorum
1165 1335 1365 1395 commentatio

244 1422 505 1482 historico-medica.
549 1423 694 1501 Herbipoi.
719 1419 810 1485 1823.
833 1420 863 1482 8.

201 1505 246 1566 Jo.
278 1506 361 1568 Mich.
398 1505 582 1584 Leupoldt
611 1509 679 1567 iiber
704 1509 760 1566 den
786 1505 1090 1581 Entwickelungsgang
1117 1505 1168 1563 der
1191 1503 1366 1581 Psychiattie

244 1593 303 1649 und
331 1593 389 1650 sein
411 1592 582 1649 Verbiltniss
607 1595 684 1652 nicbt
709 1594 770 1651 blos
799 1612 850 1651 zur
878 1597 1049 1667 gesammten
1080 1589 1217 1666 Medicin,
1238 1588 1366 1645 sondern

244 1676 314 1733 anch
336 1697 373 1734 zu
396 1677 451 1733 den
470 1676 678 1752 aligemeinsten
701 1680 760 1736 und
773 1678 993 1736 wesentiichsten
1007 1675 1162 1733 interessem
1184 1675 1236 1731 der
1256 1691 1367 1749 gegen-

244 1761 379 1836 uiirtigen
401 1761 466 1818 Zeit
485 1762 651 1841 iiberhaupt.
694 1763 748 1820 Ein
771 1763 902 1836 Vortreg.
946 1760 1087 1835 Erlangen
1109 1754 1202 1819 1833.
1225 1753 1254 1816 8.

200 1844 247 1904 Jo.
272 1846 355 1923 Bapt.
379 1845 594 1905 Friedreicb
620 1847 916 1906 historisch-kritische
943 1844 1125 1920 Darsteliung
1146 1845 1196 1901 der
1220 1841 1366 1901 Theorien

242 1931 313 1988 iiber
334 1931 385 1987 das
406 1929 509 1989 Wesen
533 1934 592 1990 und
613 1935 668 1991 den
691 1935 750 1991 sitz
767 1933 818 1991 der
837 1931 1018 2009 psychiscben
1035 1929 1236 1987 Kraukheiten.
1264 1925 1366 2004 Leipz.

243 2010 334 2077 1836.
359 2009 387 2076 8.
415 2021 607 2085 (Recentiores
623 2030 763 2075 auctores:
789 2021 933 2087 Heinroth‚
955 2021 1075 2088 Harper,
1097 2019 1234 2086 Benecke,
1255 2017 1364 2083 iacobi,

245 2096 352 2160 Combe,
372 2097 459 2148 Groos
477 2097 525 2164 nl.)

199 2167 278 2244 Jaeq.
303 2167 391 2226 Louis
423 2170 568 2227 Moreau
594 2171 638 2228 de
663 2170 697 2228 ln
717 2169 851 2228 Snrtbe
875 2170 1016 2244 sregmens
1043 2187 1116 2245 pour
1142 2167 1229 2225 servir
1255 2167 1274 2224 b
1302 2165 1365 2223 l’bi·

241 2255 327 2311 stoire
358 2255 395 2312 de
425 2253 453 2311 la
483 2255 626 2312 medecine
648 2256 699 2312 des
720 2254 851 2313 maledics
879 2253 1014 2311 mentales
1041 2260 1070 2311 et
1097 2254 1133 2310 de
1164 2252 1191 2309 la
1218 2251 1364 2312 medecina

240 2337 354 2396 morale.
397 2337 474 2396 Paris
498 2333 589 2400 1812.
612 2333 641 2401 8.
668 2345 721 2411 (De
743 2343 842 2396 Pinelii
862 2343 1028 2414 aliorumque
1053 2342 1182 2408 meritis.)

374 2555 436 2652 b.
492 2554 692 2654 Libri
725 2555 1178 2679 meorumve.

196 2736 240 2804 Jo.
262 2740 345 2820 Bapt.
372 2741 586 2803 Friedreieb
614 2745 740 2804 Versuch
760 2716 848 2805 ¹einer
877 2744 1145 2822 Literiirgesehiehte
1177 2744 1229 2802 der
1254 2739 1362 2799 Patho-

239 2827 313 2902 iogie
334 2829 393 2885 und
410 2828 551 2907 Therapie
572 2831 622 2887 der
638 2831 817 2908 psychischeu
836 2831 1035 2890 Krankheiten.
1079 2830 1144 2887 Von
1162 2828 1218 2887 den
1240 2827 1361 2884 iltesten

237 2913 337 2970 Zeiten
368 2913 409 2970 bis
440 2933 504 2970 zum
534 2917 727 2974 neunzebnten
757 2916 956 2974 Jebrbuudert.
1021 2915 1183 2988 Wiirzburg
1214 2907 1306 2972 1830.
1328 2905 1359 2970 8.

238 2993 347 3059 (Parum
365 3011 397 3046 ex
414 2994 527 3062 antiquis
545 2997 704 3064 temporibus
723 2997 853 3067 usquead
874 3015 943 3052 enee.
961 2997 1048 3064 XVL,
1066 3004 1129 3050 tunc
1145 2993 1295 3064 copiosius3
1311 3009 1361 3045 ex·

238 3068 329 3131 cerpte
348 3063 496 3130 pierumque
514 3064 681 3130 exhibentur3
700 3065 831 3118 setoso
851 3067 944 3135 pugg.)

193 3144 237 3175 -·-
257 3165 299 3176 —-
325 3137 452 3210 synopsis
480 3135 611 3193 librorum
636 3138 673 3195 de
700 3139 863 3215 pathologia
891 3148 920 3197 et
942 3137 1069 3215 therapio
1094 3135 1219 3196 morbor.
1245 3133 1360 3213 psychi-

236 3235 340 3278 corum.
361 3218 488 3280 Heidelb.
508 3217 797 3297 etLips.1830.12.
821 3236 969 3302 (Librorum
991 3235 1058 3288 tituli
1078 3233 1138 3286 inde
1159 3251 1175 3286 e
1193 3250 1263 3286 suec.
1284 3231 1359 3287 XVI.

238 3298 371 3366 usquead
390 3299 527 3352 novissima
545 3309 676 3370 tempuro3
703 3305 766 3357 ordo
791 3305 1004 3374 chronologicus3
1029 3305 1109 3357 libros
1138 3307 1272 3355 enumerat
1289 3301 1358 3365 5413

237 3369 541 3506 οοωιιξξῖιῑὲἔίοὲιέἔῶϋίε
559 3369 630 3423 libris
648 3371 759 3427 insertas
777 3383 805 3428 et
821 3392 910 3427 ornnes
928 3376 1008 3427 libros
1022 3373 1256 3426 medico-forenses
1272 3370 1360 3423 omisit

194 3453 298 3554 --aul
329 3474 537 3588 s’ystemutisehe
561 3510 703 3572 Literatur
728 3515 778 3572 der
802 3515 951 3573 irztlichen
979 3516 1038 3573 und
1065 3511 1264 3591 gericbtliehen
1288 3509 1361 3587 Psy-

236 3593 372 3672 chologie.
416 3596 510 3654 Berlin
534 3592 622 3656 1833.
646 3593 675 3661 8.
708 3604 784 3671 (Non
799 3603 883 3656 solum
894 3605 977 3656 libros
996 3604 1045 3657 sed
1065 3600 1361 3656 etiumoommentatio·

237 3694 284 3730 nes
297 3677 413 3732 continet
431 3677 488 3730 aliis
506 3677 578 3731 libris
595 3679 721 3746 insertns;
739 3679 757 3734 8
774 3687 803 3734 et
818 3679 870 3734 463
887 3683 978 3753 pagg.)

311 3905 364 3977 o.
423 3884 884 4004 Psyeuratrree
918 3885 1241 3983 veterum

195 4066 228 4130 C.
251 4067 431 4127 Marinelli
454 4071 490 4129 de
512 4072 588 4128 malis
606 4073 757 4153 principem
777 4074 897 4134 animam
914 4074 1078 4134 vexantibus
1104 4073 1141 4131 ad
1162 4075 1287 4130 mentem
1311 4088 1360 4129 re-

228 4159 333 4213 terum.
377 4155 475 4218 Venet.
505 4153 595 4220 1615.

197 4237 261 4302 Car.
292 4239 381 4297 Henr.
418 4240 559 4317 Heriug
588 4244 799 4322 epanorthotica
825 4245 862 4303 de
885 4244 1042 4303 homiuibus
1073 4241 1167 4299 deliris
1193 4238 1359 4318 antiquioris

238 4329 268 4382 et
292 4326 450 4384 recentioris
474 4329 583 4389 aetatis.
625 4327 727 4388 Dresd.
749 4343 778 4388 et
798 4324 1026 4409 Lips.1832.8.
1049 4322 1199 4400 (Theologi
1215 4327 1360 4396 auctoris.)

197 4403 235 4469 N.
256 4406 460 4489 Lippmann
481 4418 605 4471 veterum
627 4415 772 4494 opiniones
792 4415 829 4473 de
850 4415 966 4474 insanio
987 4412 1063 4474 Diss.
1080 4410 1202 4472 Berolini
1215 4405 1313 4471 1833.
1328 4404 1358 4469 8.
