2888 4958
482 330 485 337 ,
538 269 681 331 Medicina
702 271 811 333 biblica.
1198 274 1260 340 105

84 429 172 507 0333.
194 421 385 484 Nenmann
409 441 476 482 num
494 431 581 504 potus
602 425 712 485 3311333
739 425 833 503 aliqua
851 428 879 489 iu
903 428 989 488 333313
1011 431 1113 491 dentur
1134 435 1260 513 vestigia.

132 509 280 591 Vratislav.
306 501 398 568 1707.
418 502 447 565 4.

86 598 156 658 Em.
178 592 348 654 Ehrenfried
369 591 490 670 Geyer
511 589 597 673 (resp.
620 593 749 672 Kirhnel)
775 614 811 655 an
838 604 924 676 potus
951 599 1059 660 coffeae
1089 603 1208 681 vestigia
1231 605 1260 666 in

127 681 261 742 hebraico
284 680 389 736 Sacrae
411 678 573 757 Scripturae
601 680 698 738 codice
724 682 921 759 reperiantur?
949 684 1095 763 Viteberg.
1123 683 1215 750 1740.
1227 686 1260 753 4.

130 761 221 831 (Teati
237 757 377 828 leguminis
394 759 469 811 titulo
487 761 523 813 ibi
541 762 631 814 tonan
647 758 790 829 insigniri.)

85 837 232 896 Hermann
267 851 340 891 von
372 832 436 890 der
473 834 590 892 Hardt
621 837 757 914 πικριὸια
789 834 919 912 intybum
952 836 1087 914 sylvestre
1118 839 1147 899 iu
1168 841 1261 902 Elisae

130 939 239 999 mensa,
268 935 346 976 mors
380 917 408 973 in
444 917 511 996 olla,
543 924 794 1000 αγριοσταφιλιες,
827 920 944 997 bryonia
975 922 1004 979 in
1036 923 1138 985 Esaiae
1172 928 1260 987 vinea.

132 1002 292 1065 Helmstad.
314 993 406 1062 1719.
428 997 459 1059 4.

90 1091 184 1150 01333
205 1086 347 1147 Celsius
372 1084 494 1145 melones
515 1082 639 1165 Aegypti
664 1088 701 1147 ab
722 1088 853 1162 Israelitis
881 1089 1031 1150 desiderati
1059 1094 1173 1172 quinam
1199 1096 1263 1156 fne-

136 1176 200 1234 rint.
240 1171 335 1248 Lugd.
357 1171 422 1232 Bat.
451 1166 545 1233 1726.
569 1166 693 1251 (1728.)
717 1168 749 1234 8.

91 1260 166 1320 Gen.
189 1256 295 1333 Wolfg.
320 1255 445 1315 Wedcl
471 1258 508 1315 de
528 1258 626 1315 sabina
647 1259 817 1335 scripturae.
860 1258 924 1322 Jen.
947 1255 1038 1325 1707.
1050 1258 1079 1327 4.
1102 1298 1144 1310 -
1164 1263 1261 1330 Recio.

134 1348 165 1402 io
186 1341 288 1403 Wedel
309 1359 397 1401 exere
418 1343 494 1401 med.
515 1341 611 1420 philol.
634 1343 715 1402 Ceut.
737 1342 773 1401 ll.

91 1429 176 1490 11136.
201 1426 297 1487 Beck
330 1430 418 1504 (resp.
451 1427 518 1484 Sim.
552 1426 657 1504 Gross)
690 1429 756 1487 diss.
788 1447 843 1486 uva
874 1447 978 1505 magna
1002 1431 1160 1493 Canauaea.
1200 1436 1263 1496 Jen.

135 1507 230 1576 1670.
256 1506 288 1575 4.
310 1509 398 1568 Redit
417 1514 448 1569 in
475 1511 592 1589 Sylloge
613 1514 728 1591 disputt.
759 1514 895 1577 selectior.
923 1516 959 1573 ad
985 1515 1150 1578 illustranda
1180 1521 1211 1584 V.
1234 1528 1264 1582 et

136 1596 176 1657 N.
198 1597 236 1657 T.
262 1596 325 1655 loca
345 1597 374 1653 in
401 1596 551 1656 Germania
575 1598 756 1676 conscriptar.
789 1597 877 1656 Arust.
901 1594 993 1659 1701.
1017 1597 1149 1665 17021.

91 1683 184 1826 133333
207 1679 466 1826 11111ιέἓὲΙῖ333
495 1680 582 1762 (resp.
606 1681 670 1741 Jan.
699 1683 856 1760 Schriider)
884 1684 920 1743 de
954 1688 1045 1765 pomis
1075 1691 1263 1758 Sodomiticis.

167 1786 230 1825 aru.
336 1813 344 1827 .
388 1809 395 1824 .

92 1850 389 1998 Jo.lg}rr⁵pr.48tolrr
409 1849 496 1929 (resp.
519 1845 613 1909 Adam
633 1850 708 1911 Frid.
732 1849 831 1932 Oeler)
856 1872 941 1932 poma
963 1856 1144 1919 sodomitica
1185 1859 1265 1943 Lips.

93 2022 181 2084 Hilar.
207 2021 299 2100 Chpb.
324 2018 487 2079 Kaasbbl
514 2015 601 2099 (resp.
632 2019 678 2078 Jo.
708 2021 829 2081 Ovenid.
859 2022 1031 2102 Schreuder)
1057 2027 1095 2087 de
1120 2029 1266 2090 arboribus

137 2107 314 2166 Sodomaeis.
342 2104 462 2186 (Havn.)
488 2099 581 2166 1705.
606 2099 645 2168 4.

92 2192 141 2250 Jo.
163 2192 263 2251 Been
286 2195 371 2269 (resp.
391 2190 436 2252 Jo.
467 2188 540 2248 Dan.
568 2189 687 2265 Ramm)
714 2191 793 2265 quod
818 2192 915 2270 spinae
942 2198 971 2253 et
998 2193 1093 2253 tribuli
1118 2201 1185 2256 ante
1204 2196 1266 2278 lap-

138 2295 200 2357 sum
220 2277 352 2354 producti
380 2274 529 2338 extiterint.
573 2275 667 2338 Havn.
691 2269 782 2336 1702.
807 2271 837 2335 4.

95 2361 172 2421 Dan.
194 2359 396 2420 Rosenseld
424 2358 512 2438 (resp.
539 2359 605 2424 Chr.
631 2357 697 2422 Alb.
723 2360 903 2438 Reineecins)
930 2362 996 2428 diss.
1024 2365 1061 2424 de
1089 2385 1155 2426 rosa
1181 2368 1267 2429 Saro-

136 2446 231 2510 nitica.
273 2446 367 2508 Viteb.
392 2440 484 2506 1715.
508 2439 538 2508 4.

96 2532 182 2590 Conr.
214 2531 302 2590 Iken
339 2531 424 2609 (resp.
450 2529 537 2588 Heur.
559 2527 687 2609 Lampe)
718 2530 783 2588 diss.
810 2531 847 2590 de
877 2530 933 2590 lilio
963 2533 1131 2596 Samnitico.
1173 2537 1267 2599 Brem.

141 2610 232 2676 1728.
258 2610 288 2679 4.
314 2620 369 2689 (Ad
393 2619 500 2674 Cautio.
525 2621 552 2686 2,
569 2635 598 2670 v.
620 2619 661 2686 l.)

96 2702 187 2761 Olaus
209 2701 352 2846 (1173))ἓυὶ
375 2700 496 2759 63133131
516 2700 587 2758 sacri
608 2698 767 2759 exercitatio
790 2699 827 2756 de
845 2699 919 2757 malo
940 2699 1162 2767 Hierichuntino.
1205 2705 1269 2784 Up-

138 2786 191 2848 sal.
351 2830 358 2846 .

96 2907 139 2918 -
160 2903 204 2917 -·-
231 2871 341 2930 exercit.
363 2889 461 2930 sacrae
477 2869 515 2929 de
537 2867 631 2948 palma
656 2865 794 2929 1.-111.
820 2865 919 2944 Upsal.
942 2861 1023 2928 1711
1036 2903 1078 2912 -
1092 2863 1226 2934 17204.

97 2957 171 3020 Gen.
194 2956 369 3015 Castanaeus
395 2954 511 3013 Bloch
549 2959 690 3012 tentamen
722 2957 948 3034 morosaoloymg
976 2972 1072 3014 sacrae
1103 2955 1162 3015 sive
1202 2956 1270 3021 diss.

140 3041 301 3118 theologica
325 3041 362 3101 de
382 3040 485 3119 palma.
527 3039 622 3098 Havn.
652 3031 744 3100 1767.
769 3033 800 3096 8.

100 3125 163 3189 Alb.
189 3126 389 3271 Scbppgepis
411 3127 494 3204 (resp.
517 3123 739 3198 Geo.Verestoi)
757 3123 823 3181 diss.
845 3123 882 3181 de
898 3122 993 3203 palma
1011 3124 1137 3188 ardente.
1162 3125 1271 3189 13333-

162 3231 220 3271 uer.
242 3208 294 3271 1“
326 3252 334 3268 .
379 3256 388 3272 .

97 3231 257 3356 Juqunr.
281 3295 494 3370 Heidegger
521 3292 557 3351 de
583 3291 639 3351 633
659 3310 677 3350 3
698 3291 809 3350 Christo
831 3291 987 3352 maledicta.
1030 3291 1120 3354 Amst
1134 3291 1225 3359 1657.
1241 3291 1273 3356 4.

144 3387 171 3440 et
190 3383 304 3458 saepius.
327 3382 478 3452 (Theologi
503 3382 595 3451 opus.)

98 3466 146 3530 Jo.
169 3466 243 3526 Geo.
269 3465 437 3541 Goesgen
464 3464 502 3521 de
522 3463 577 3521 ficu
602 3461 750 3520 maledieta
770 3460 867 3525 Marci.
910 3460 989 3541 Lips.
1019 3456 1111 3523 1697.
1133 3458 1163 3520 4.

98 3549 368 3694 131ξ1ὲ31346333.
394 3547 458 3612 Ν13.
484 3548 627 3628 Zeutheu)
653 3547 690 3606 de
715 3546 770 3605 ficu
792 3547 917 3606 arefacta
940 3547 1145 3608 meditationes.
1177 3543 1272 3609 Havn.

99 3717 463 3781 ’11336Η333333313
491 3716 568 3794 ligno
599 3717 701 3779 Sittim.
758 3715 851 3779 Brem.
877 3708 970 3774 1731.
1002 3708 1031 3775 8.
1064 3746 1107 3756 -
1138 3711 1225 3772 Redit
1244 3716 1274 3772 io

143 3803 245 3879 Ejusd.
282 3803 509 3862 dissertationum
551 3807 580 3860 et
622 3801 850 3861 observationum
891 3796 1121 3876 philologioarum
1157 3799 1273 3877 sylloge.

143 3888 239 3949 Brem.
260 3882 353 3948 1732.

98 3972 317 4034 8363111133
347 3973 383 4030 de
412 3970 445 4028 iis
473 3989 547 4047 qnae
571 3988 605 4027 ex
631 3965 735 4028 Arabia
761 3969 799 4026 ad
819 3965 993 4025 tabernaculi
1019 3987 1100 4026 usum
1120 3969 1209 4047 petita
1230 3968 1275 4025 fu·

145 4062 237 4134 eruut,
260 4063 293 4116 ut
317 4056 395 4134 ligna
415 4057 519 4119 Sittim.
563 4055 709 4130 Ultraject.
733 4046 826 4115 1753.
847 4047 876 4110 4.

99 4144 148 4206 Jo.
169 4142 237 4205 Chr.
258 4142 337 4202 Biel
363 4143 400 4200 de
420 4141 504 4218 lignis
528 4159 563 4199 ex
586 4137 697 4197 Libano
720 4137 757 4194 ad
779 4136 912 4216 templum
931 4135 1275 4213 ffierosolymitanumae-

146 4227 319 4287 difieandum
340 4227 444 4305 petitis.
487 4225 644 4299 Brunswig.
667 4216 758 4281 1740.
780 4215 810 4278 4.

100 4329 170 4392 Chr.
192 4328 294 4388 Gotth.
314 4329 466 4388 Wilisch
493 4327 626 4385 biblische
656 4323 907 4400 Holzgeschichte3
934 4321 1070 4400 gbttliche
1104 4318 1276 4381 43331333-

148 4407 944 4492 333133(13633361331333636336313311331.
997 4405 1096 4486 Leipz.
1127 4399 1219 4471 1761.
1246 4402 1275 4471 4.
