2888 4958
143 293 207 357 202
638 299 808 360 Pharnacis.

207 472 260 545 c.
319 451 728 548 Phornauoiu
768 449 1245 549 recentiorum.

141 585 243 649 Ludw.
266 585 359 645 Franz
387 588 477 666 Bley
497 587 522 646 F
524 588 681 647 ortscbritte
702 590 761 647 und
782 609 854 646 neue
882 591 1105 665 Entdecirungen
1127 590 1165 647 im
1189 587 1311 645 Gebiete

184 673 236 730 der
256 673 371 731 Chemie
392 675 451 731 und
479 673 639 732 Pharmacie
664 676 722 732 und
750 675 801 731 der
828 675 914 734 damit
937 676 1136 734 verbundenen
1158 674 1311 732 Hiiliswis-

184 758 370 820 senschasten.
397 757 506 836 [Etiam
516 761 562 816 sub
573 759 662 817 tituto:
689 759 814 817 Versuch
836 760 911 818 einer
931 760 1195 819 wissenchastlichen
1223 759 1310 817 Wiir-

184 842 292 919 digung
314 845 364 901 der
386 844 499 901 Chemie
517 845 575 901 und
597 843 758 902 Pharmacie
782 845 834 902 auf
855 847 941 905 ihrem
960 847 1084 922 jetzigen
1109 845 1309 921 Standpuncte

182 928 252 984 oder
273 928 466 1004 Beleuchtung
487 930 537 987 der
557 928 662 1004 Frage:
688 929 755 988 Was
780 928 872 988 haban
894 933 970 989 diese
990 930 1231 990 Wissenschasten
1255 929 1310 986 seit

182 1010 265 1069 Ende
287 1015 339 1070 des
361 1009 409 1075 18.
431 1013 636 1071 Jahrbunderts
660 1012 809 1092 geleistet.]
843 1012 870 1079 l.
894 1012 1075 1078 Bal—4.
1097 1016 1176 1073 Hest.
1200 1010 1230 1076 2.
1251 1015 1307 1076 Bd.

184 1093 213 1155 1.
237 1093 267 1155 2.
290 1097 368 1156 Hest.
412 1099 496 1157 Halie
518 1092 758 1158 1834-1836.
783 1095 812 1158 8.

141 1180 175 1245 C.
199 1181 234 1238 G.
258 1182 495 1327 Mepggelssdie
519 1183 688 1247 Pharmacie.
718 1184 765 1243 ihr
786 1186 916 1244 Zustand
936 1186 974 1242 im
995 1184 1080 1243 Jahre
1102 1178 1193 1243 1835.
1222 1181 1308 1259 Mag-

182 1267 292 1342 deburg
377 1264 404 1325 5.
453 1316 459 1329 .

142 1350 213 1409 Otto
234 1353 364 1427 Virdung
386 1353 425 1409 ab
451 1353 632 1431 Hardung
652 1354 689 1412 de
709 1353 949 1432 pharmaceuticae
972 1352 1134 1412 recentioris
1157 1337 1307 1430 praestan-

181 1437 230 1499 tia.
255 1435 359 1499 Altorf.
383 1433 474 1498 1720.

139 1587 199 1683 d.
230 1588 638 1686 Phormucin
662 1587 840 1709 perat.
863 1589 1306 1709 rinocoluram.

139 1725 367 1805 Pharmacopoea
392 1729 501 1786 Persica
521 1747 555 1786 ex
577 1728 710 1785 idiomate
732 1727 843 1786 Persico
864 1727 892 1784 in
914 1727 1045 1785 Latinum
1073 1745 1215 1788 conversa.
1249 1725 1307 1783 Ac-

182 1813 286 1870 cedunt
306 1814 332 1870 in
363 1813 418 1871 fine
442 1814 582 1891 specimen
603 1821 732 1870 notarum
754 1814 781 1870 in
799 1812 1053 1890 Pharmacopoeam
1075 1811 1223 1882 Persicam,
1245 1817 1306 1869 tum

181 1897 286 1954 indices
308 1899 365 1955 duo
388 1899 458 1956 alter
477 1898 724 1975 pharmaceuticu's,
751 1898 820 1956 aiter
834 1897 1038 1975 pathologicus.
1066 1897 1152 1954 Paris.
1170 1891 1260 1957 1681.
1272 1893 1303 1958 8.

184 1980 301 2043 (Auctor
318 1986 356 2030 est
375 1981 554 2047 Mazusser
572 1980 645 2032 Ebu
672 1979 879 2031 Mutumnrrd
896 1982 925 2030 ct
944 1980 1103 2043 Homeri,
1127 1979 1219 2030 titulus
1244 1978 1305 2029 iibri

184 2049 341 2101 Murcicebut
363 2050 533 2101 isborubudin
554 2066 575 2100 s.
605 2048 804 2117 compositiones
829 2049 1067 2117 pharmaceuticae3
1089 2047 1221 2099 convertit
1241 2047 1305 2099 mis-

183 2117 310 2170 sionarius
335 2136 368 2170 ex
390 2119 479 2170 ordine
503 2118 698 2170 Carmeiitarum
722 2116 936 2170 discalceatorum
963 2116 1076 2185 Angelus
1094 2135 1110 2169 a
1128 2117 1170 2171 St.
1188 2115 1305 2185 Joscpbo

184 2186 342 2250 Tolosanus,
361 2190 439 2257 Ange
457 2188 488 2238 de
510 2188 538 2238 tu
555 2188 650 2239 Brossa
670 2189 702 2238 de
722 2187 868 2250 Touiousc3
891 2186 956 2238 liber
979 2187 1036 2255 ipsa
1053 2187 1193 2237 secundum
1214 2185 1305 2237 iitcra-

181 2272 238 2307 rum
256 2257 416 2308 Persicorum
433 2255 523 2307 seriem
541 2255 660 2322 digestus
680 2254 877 2324 compositiones
896 2256 1001 2308 exhibet
1024 2272 1080 2308 cum
1098 2255 1305 2322 ingredientibus

182 2331 210 2376 et
224 2324 377 2388 virtutibus3
395 2323 421 2388 6,
438 2323 481 2388 61,
499 2322 550 2378 397
571 2328 661 2392 pagg.)

138 2397 248 2456 Romeo
274 2397 481 2471 Seiigmann
503 2396 572 2453 iiber
591 2398 836 2453 fundamentorum
851 2396 1095 2475 pharmacologiae
1109 2401 1225 2454 auctore
1240 2395 1306 2456 Abu

180 2481 297 2540 Mansur
314 2481 447 2538 Mowafiis
462 2481 523 2538 Ben
535 2480 579 2538 Ali
590 2481 614 2538 el
627 2481 712 2538 heroi.
741 2482 872 2558 Epitome
888 2483 991 2540 codicis
1005 2483 1185 2558 manuscripti
1202 2482 1307 2541 Persici

181 2566 364 2624 bibliothecae
384 2567 464 2624 Caes.
485 2566 559 2641 Reg.
583 2567 748 2624 Viennensis
759 2569 864 2624 inediti.
886 2567 954 2625 Pars
967 2567 986 2624 1.
1008 2565 1118 2645 [Etiam
1138 2569 1185 2624 snb
1208 2569 1305 2627 ii'tulo:

180 2651 263 2710 Rom.
293 2652 455 2727 Seiigmaun
483 2653 548 2708 diss.
575 2652 669 2726 inaug.
701 2652 870 2728 pharmacol.
909 2653 1039 2710 historica
1069 2654 1106 2710 de
1133 2672 1164 2710 re
1196 2655 1305 2711 medica

180 2736 351 2816 Persarum]
384 2737 506 2798 Vindob.
529 2732 621 2799 1830.
643 2733 674 2795 8.
694 2769 737 2779 -
758 2736 827 2795 Pars
838 2738 880 2794 11:
907 2736 991 2794 Liber
1013 2745 1064 2798 etc.
1088 2739 1237 2795 Accedunt
1251 2759 1305 2796 no-

180 2828 227 2881 tae
248 2842 282 2880 ex
304 2824 388 2883 codd.
415 2841 482 2884 mss.
505 2822 620 2880 Persicis
644 2823 755 2879 ineditis
784 2828 898 2880 anctore
923 2821 986 2879 Nur
1012 2824 1097 2880 eddin
1120 2823 1303 2882 Muhammed

180 2908 322 2966 Abduliah
349 2908 488 2964 Sebirasio
526 2916 554 2965 et
578 2907 622 2964 Ali
645 2907 818 2965 benHusein
847 2907 872 2965 el
898 2905 1015 2980 Ausari,
1042 2927 1094 2965 nec
1120 2928 1178 2965 non
1206 2927 1241 2966 ex
1262 2910 1304 2966 le-

179 2994 241 3050 xico
264 2992 375 3050 Persico
401 2993 523 3049 Burhani
544 2993 611 3048 Kati
637 2993 760 3068 aliisque.
796 2992 919 3051 Vindob.
947 2987 1037 3055 1833.
1050 2989 1078 3051 8.
1117 3006 1302 3074 (Aiphabetico

181 3073 272 3124 ordine
290 3073 443 3124 exhibentur
461 3082 586 3141 excerpta
604 3090 637 3123 ex
649 3073 786 3126 Persarum
800 3073 1026 3141 pharmacoiogia3
1045 3075 1094 3128 cfr.
1109 3076 1304 3131 Bricbcrirunde

175 3145 228 3208 fuir
245 3142 288 3192 dic
305 3144 390 3193 ditare
406 3142 533 3204 Medicis,
551 3140 655 3197 Muti.
674 3143 702 3196 S.
716 3143 776 3208 390,
796 3152 822 3193 et
840 3160 919 3212 supra
936 3161 997 3214 pag.
1021 3144 1078 3211 62.)

137 3212 168 3271 P.
192 3213 233 3270 de
258 3213 356 3270 Mize
382 3215 467 3270 iastes
489 3215 526 3271 de
547 3214 573 3272 la
596 3215 754 3292 pharmacia
783 3215 941 3292 Franpaise.
969 3217 1085 3296 Expose
1112 3219 1161 3276 des
1181 3223 1299 3277 travaux

179 3298 376 3372 scientifiques‚
399 3298 525 3376 pubiiies
550 3300 649 3377 depuis
670 3296 713 3359 40
734 3302 838 3359 anates
862 3302 974 3379 parles
999 3303 1187 3380 pharmaciens
1206 3303 1299 3362 Fran-

180 3383 246 3459 cais,
269 3402 336 3440 avec
361 3379 532 3441 I’indication
555 3386 604 3442 des
627 3405 763 3462 ouvrages
787 3388 857 3444 dans
882 3383 1037 3462 lesqu’eiies
1060 3407 1105 3445 ces
1121 3385 1299 3447 travauxont

180 3470 227 3528 ete
249 3469 410 3546 consigne‘s,
435 3471 504 3527 snivi
523 3469 593 3527 d’un
616 3471 798 3528 dictionnaire
813 3473 862 3528 des
877 3471 1008 3530 resultats
1027 3473 1146 3530 obtenus
1163 3480 1216 3536 etc.
1243 3474 1301 3533 Pu-

179 3555 236 3614 bliet
261 3573 327 3611 sous
350 3554 377 3612 la
398 3556 533 3613 direction
559 3557 595 3614 de
616 3554 651 3616 A.
682 3557 904 3618 Cberallier.
930 3557 1008 3614 Paris
1030 3553 1122 3615 1830.
1141 3552 1170 3620 8.

135 3638 169 3697 L.
192 3641 252 3698 Jos.
273 3639 482 3699 Lebouidre
507 3642 551 3698 de
576 3641 608 3698 ia
632 3640 757 3700 Lande
778 3643 911 3700 memoirc
937 3663 985 3700 sur
1006 3643 1085 3701 i'etat
1105 3644 1197 3702 actuel
1220 3646 1256 3702 de
1272 3645 1301 3703 la

177 3725 353 3803 pharmacia,
381 3727 497 3784 imitant
521 3728 570 3783 des
597 3727 681 3799 abus,
709 3728 757 3804 qni
779 3747 809 3784 se
830 3733 895 3784 sont
923 3728 1074 3785 introduits
1095 3762 1137 3770 —
1160 3735 1190 3786 et
1217 3731 1253 3788 de
1273 3729 1303 3788 la

178 3811 333 3887 possibilite
359 3812 395 3868 de
421 3811 461 3868 les
487 3811 620 3888 reprimet
653 3832 687 3869 en
708 3814 883 3889 supprimant
911 3814 950 3870 les
973 3813 1061 3889 jury's
1090 3814 1127 3870 de
1155 3816 1303 3873 me'decine

178 3901 207 3952 et
230 3896 425 3970 re'organisant
453 3895 492 3953 ies
514 3897 604 3956 eccles
631 3898 763 3973 spe'ciales
791 3899 837 3973 qui
866 3904 917 3956 ont
944 3899 990 3957 ete
1011 3899 1105 3956 eredes
1131 3918 1184 3977 par
1210 3900 1238 3957 la
1264 3900 1302 3959 loi

178 3975 274 4075 (11121
302 3980 443 4038 Germinal
472 3986 517 4039 An
545 3983 594 4045 Xl.
630 3982 707 4040 Paris
733 3978 824 4042 1827.
848 3979 877 4042 8.
912 3988 966 4056 (Ad
988 3987 1103 4040 Galliam
1127 3990 1213 4041 solum
1238 4008 1302 4060 per-

134 4065 300 4192 10111111111.
323 4133 480 4192 Sacklen
499 4135 629 4210 Sveriges
651 4136 970 4215 Apamiam-Historia,
991 4134 1062 4198 ifrin
1089 4138 1219 4215 Konung
1240 4141 1301 4198 Gu-

178 4221 237 4277 stai
256 4220 313 4276 its
336 4220 376 4276 till
401 4222 587 4279 niirvarandte
608 4222 658 4278 tid.
679 4222 728 4282 Ett
754 4223 859 4299 bibang
878 4223 917 4282 tiil
936 4225 1067 4302 Sveriges
1085 4223 1303 4284 Likarebisto-

176 4306 224 4367 ria.
247 4302 403 4382 Nykiiping
425 4300 515 4365 1833.
541 4301 569 4367 8.
586 4320 769 4383 (officinarum
784 4322 1047 4390 pharmaceuticarum
1060 4323 1087 4376 in
1104 4323 1214 4392 singulis
1234 4323 1304 4376 Sue-

177 4385 235 4466 eiae
259 4385 360 4454 oppidis
378 4387 537 4470 enumeratio
556 4393 584 4440 et
604 4389 859 4462 pharmacopolarum
881 4393 968 4460 ritae,
993 4393 1141 4448 sGustavi
1158 4393 1182 4449 Ι.
1200 4400 1304 4464 tempo-

176 4454 248 4507 abus
264 4471 347 4524 usquc
363 4456 398 4508 ad
414 4461 575 4525 novissima.)
