2888 4958
200 293 244 361 aa
640 298 779 360 aaran
803 300 932 379 myara

200 453 248 515 Jo.
273 450 350 514 Guil.
372 451 481 511 Baier
505 451 542 511 de
565 451 639 511 votis
661 452 805 530 gentilium
826 451 994 534 Aesculapio
1019 454 1098 516 factis
1120 457 1201 536 epist.
1224 457 1328 535 gratul.
1344 459 1374 519 ia

245 537 283 602 G.
309 537 356 600 W.
382 536 501 596 Wedelii
526 536 655 601 natalem.
698 539 760 600 Jeu.
786 533 879 600 1701.
901 539 921 598 1.

204 623 270 683 Chr.
300 623 355 680 Gli.
384 623 552 681 Schwara
580 619 673 702 (resp.
698 622 812 686 Ferdiu.
834 624 895 684 Jac.
918 623 1021 703 Baier)
1055 624 1120 688 diss.
1152 625 1254 685 sistens
1286 647 1375 707 erpa·

244 707 374 767 sitiouem
396 708 496 767 veteris
519 708 705 786 inscriptionis
727 708 763 766 de
783 705 952 787 Aesculapio
975 715 1005 767 et
1026 709 1145 786 Hygaea
1163 718 1250 784 θεοις
1264 717 1376 789 φιλαν-

244 800 393 872 θρωποις.
438 792 538 854 Altorf.
565 786 674 869 1725,
710 793 776 854 ibid.
800 787 893 856 1742.
914 788 945 854 4.
972 826 1016 837 ·—
1038 793 1126 852 Redit
1149 799 1179 854 ia
1204 797 1374 856 Schwarz

245 896 358 956 opuscc.
380 879 425 937 ed.
447 877 577 954 Theoph.
593 877 745 955 christoph
756 877 903 950 Harles,
919 876 1046 942 Norimb.
1062 875 1153 942 1793.
1168 875 1198 943 4.
1212 902 1239 960 p.
1257 876 1319 940 129
1329 901 1374 958 sq.

245 959 315 1025 (cu.
332 958 373 1014 Jo.
392 957 477 1011 Mutb.
497 959 629 1010 Gesner
650 975 742 1010 marm.
768 959 914 1012 Caesellou.
934 977 985 1028 pao
1002 962 1190 1029 Aesculapius,
1218 963 1328 1033 Hygica
1346 971 1375 1017 et

249 1028 424 1096 Telesphorus
441 1029 607 1080 celebrantur
623 1026 649 1079 iu
668 1027 850 1082 Commentatt.
869 1045 923 1081 soc.
941 1046 997 1096 reg.
1018 1030 1139 1098 Gotting.
1159 1030 1195 1086 ll.
1216 1031 1286 1098 181.)

201 1100 249 1163 Jo.
274 1101 341 1163 Chr.
366 1099 665 1159 Messerschmidt
686 1099 868 1178 Aesculapius
895 1120 1001 1180 σωτηρ.
1046 1103 1110 1165 Hal.
1136 1097 1227 1162 1752.
1250 1099 1281 1167 4.

201 1185 280 1283 Frid.
302 1184 377 1282 Guil.
403 1184 546 1242 Geuclse
568 1184 686 1262 epistola
711 1185 893 1262 gratulatoria
916 1185 953 1244 de
977 1187 1088 1265 templis
1113 1184 1271 1267 Aesculapii
1287 1208 1372 1266 grae·

201 1288 310 1415 11111161.
335 1263 713 1428 Idlsllllrlrlldllellngiekler
738 1353 784 1411 die
805 1353 1017 1433 Hieroglypheu
1039 1354 1067 1412 iu
1091 1355 1155 1412 deur
1180 1354 1296 1431 Mythus
1323 1357 1374 1415 des

244 1437 436 1517 Aesculapius.
479 1437 573 1497 Nebst
597 1439 666 1497 zwei
687 1437 913 1516 Abhaudluugeu
936 1440 1005 1498 iiber
1026 1439 1153 1497 Diidalus
1175 1442 1233 1498 uud
1248 1441 1294 1498 die
1308 1439 1374 1498 Pla-

244 1524 300 1582 etih
325 1531 406 1582 auter
428 1524 484 1581 den
506 1522 700 1585 Chauauiieru.
744 1523 797 1580 ruit
815 1520 833 1582 1
850 1524 1130 1603 Hieroglypheutafel
1151 1524 1179 1581 iu
1194 1526 1373 1587 Steindruck.

245 1609 408 1704 Meluingen
438 1603 529 1672 1819.
554 1604 584 1666 4.
629 1611 805 1682 (Explicatio
821 1615 967 1668 secundum
980 1614 1195 1684 paronomasiam
1213 1632 1228 1666 a
1245 1614 1373 1667 dialectis

203 1693 513 1822 Colrllullcowllleuius
533 1757 636 1840 Apollo
656 1755 811 1839 λοιμώδης
834 1762 863 1820 11
887 1770 974 1841 peste.
1018 1762 1079 1826 Jeu.
1107 1757 1199 1825 1713.
1221 1757 1252 1826 4.
1295 1769 1374 1832 (Cir.

245 1843 340 1965 {filu
350 1841 508 1979 vgplpker
525 1843 714 1897 8111111111
734 1845 848 1914 Apolloa
864 1844 891 1897 iu
909 1843 1017 1897 Heelrer
1033 1843 1125 1898 Annul.
1144 1843 1169 1897 (1.
1188 1843 1277 1899 Heilk.
1297 1843 1373 1900 1832.

202 1985 248 2046 Jo.
270 1983 344 2044 Dan.
363 1983 479 2059 Major
504 1983 617 2062 Serapis
638 1983 774 2058 radiatus,
796 1983 920 2043 medicus
941 1975 1146 2063 Aegyptiorum
1162 1986 1243 2061 deus,
1265 2005 1300 2046 ex
1313 2005 1373 2046 me·

244 2069 314 2129 talla
338 2075 367 2128 et
391 2088 510 2145 gemma.
554 2064 765 2132 Κ1111.1685.
790 2064 821 2131 4.

202 2155 248 2220 Jo.
270 2153 454 2214 Lehmann
480 2154 552 2232 disp.
581 2154 617 2211 de
638 2155 777 2230 Serapide
797 2152 1002 2231 Aegyptiorum
1023 2151 1086 2211 Deo
1112 2153 1248 2230 maximo,
1276 2161 1373 2214 contra

244 2240 396 2318 scriptores
416 2239 444 2296 iu
466 2235 618 2296 Daemouis
639 2237 709 2294 illius
731 2237 806 2295 cultu
832 2238 998 2314 apotheosin
1012 2236 1128 2315 Josephi
1148 2246 1373 2317 propugnantes.

244 2323 337 2384 viteb.
360 2316 453 2383 1666.
479 2319 509 2378 4.
560 2324 651 2391 (Diss.
667 2341 741 2378 mere
758 2324 915 2393 theologica
931 2332 960 2378 et
976 2326 1010 2378 ab
1028 2333 1140 2378 auctore
1156 2328 1288 2398 theologo
1308 2346 1373 2381 aaa·

203 2401 468 2549 Gippppupuper
501 2469 700 2548 Harpocrates.
743 2468 902 2535 Amstelod.
926 2467 1018 2534 1676.
1045 2467 1076 2532 8.
1115 2472 1195 2549 Traj.
1220 2475 1258 2533 ad
1280 2475 1373 2538 Rhen.

246 2551 350 2630 1687,
374 2555 411 2614 ib.
434 2549 527 2615 1694.
548 2551 581 2614 4.

201 2643 264 2706 Jac.
290 2642 438 2699 Gronov
460 2639 497 2697 de
522 2638 648 2699 icuucula
668 2639 827 2714 Smetiana,
854 2658 938 2717 qaam
959 2639 1164 2719 Harpocratem
1178 2641 1373 2718 indigitarunt.

245 2727 341 2826 Igugd.
363 2726 428 2790 Bal.
457 2719 550 2785 1693.
570 2720 603 2785 4.
646 2729 718 2797 (cfr.
737 2730 828 2783 Zorn
846 2730 881 2784 de
895 2729 1068 2801 Telesphoro
1084 2730 1114 2784 iu
1129 2730 1282 2786 Miscellan.
1301 2735 1374 2788 Gro-

203 2806 435 2946 0161117111616
460 2879 504 2938 de
535 2879 631 2938 Boae
663 2899 712 2938 sur
731 2877 758 2939 le
778 2877 861 2959 culte,
883 2897 939 2956 que
960 2879 1001 2938 les
1025 2877 1147 2940 Auriens
1174 2888 1225 2940 out
1244 2882 1334 2940 rendu
1356 2881 1375 2941 1(

245 2968 274 3027 lo
294 2968 392 3026 deesse
415 2965 451 3022 de
476 2963 502 3021 la
524 2964 622 3025 Saule.
657 2963 735 3023 Paris
758 2959 849 3025 1705.
873 2959 903 3023 8.
948 2970 1023 3036 (Non
1037 2976 1091 3022 tarn
1106 2970 1140 3023 de
1155 2972 1279 3040 Hygaea,
1296 2987 1375 3040 quara

247 3047 334 3117 potius
349 3046 382 3098 de
391 3045 448 3096 Dea
460 3043 553 3095 Salute
567 3043 665 3112 agitur,
683 3061 750 3113 qaae
767 3045 877 3098 Graecis
894 3041 963 3114 τύχη
981 3047 1024 3099 vel
1040 3043 1098 3100 θεά
1116 3043 1236 3112 σώτειρα
1253 3047 1373 3115 dicitur.)

204 3119 281 3179 Guil.
302 3117 495 3191 Musgrave
517 3116 582 3179 diss.
609 3116 645 3173 de
666 3116 728 3174 Dea
750 3117 858 3191 Salute,
884 3120 912 3177 iu
934 3137 990 3195 qua
1011 3119 1081 3176 illius
1096 3119 1232 3196 symbola,
1257 3120 1373 3196 templa,

247 3207 367 3275 statuae,
389 3200 718 3344 ”nulllrinlfflpfim
743 3203 918 3282 exhibentur,
936 3203 1116 3264 illustrantur.
1160 3202 1254 3265 Oxou.
1280 3198 1374 3267 1716.

244 3282 275 3350 4.
318 3284 411 3344 Laud.
523 3333 531 3347 .
576 3333 582 3348 .

204 3372 240 3434 C.
260 3371 299 3431 Η.
325 3369 436 3428 Ebelt
462 3370 499 3427 de
518 3369 687 3444 valetudine,
712 3371 784 3430 inter
805 3369 881 3429 Deas
903 3389 920 3428 a
946 3387 1059 3450 pagana
1080 3376 1165 3447 geute
1185 3369 1274 3429 relata
1296 3391 1374 3430 com-

246 3455 390 3516 mentatio.
434 3454 464 3517 s,
486 3453 504 3516 1.
532 3449 623 3514 1751.
645 3450 675 3513 4.
719 3461 773 3529 (ue
795 3459 917 3530 nygea.)

203 3541 278 3604 Dan.
300 3540 384 3601 Wilh.
409 3537 545 3598 Triller
578 3540 613 3599 de
641 3539 717 3599 cultu
744 3541 825 3600 lsidis
846 3539 925 3600 Deae
950 3540 1034 3598 etiam
1055 3539 1183 3599 salutaris
1205 3546 1235 3599 et
1258 3539 1373 3599 medicis

212 3656 215 3661 ·
246 3644 342 3686 sacrae
363 3624 441 3702 apud
461 3629 570 3683 veteres
593 3624 759 3688 Germanos.
781 3626 874 3689 Vrteb.
887 3619 980 3690 1766.
997 3624 1179 3689 4.-Redit
1197 3628 1227 3683 ta
1244 3624 1371 3700 Ejusd.

247 3731 345 3790 opusc.
367 3710 446 3772 acad.
468 3709 553 3770 Tom.
576 3708 613 3767 ll.
635 3726 701 3788 pag.
727 3706 905 3775 339-352.
951 3715 1028 3783 (cfr.
1051 3713 1128 3782 Birg.
1159 3713 1372 3766 Thorlacius

247 3792 366 3854 Athana,
384 3790 506 3860 Hygiaia
523 3797 550 3843 et
568 3791 693 3844 Minerua
711 3790 857 3849 Romanor.
873 3791 975 3844 medica
998 3790 1025 3843 ia
1042 3789 1158 3859 Opuscc.
1177 3789 1200 3845 Ι.
1219 3789 1278 3856 109,
1297 3788 1372 3857 187.)

204 3879 292 3941 Geth.
314 3878 509 3938 Feldmauh
531 3880 568 3938 de
588 3878 651 3939 Dea
677 3879 809 3956 Podagra
833 3881 901 3939 liber
921 3877 1077 3955 singularis.
1105 3874 1328 3939 8111111693.
1343 3874 1372 3939 8.

203 3963 250 4029 Jo.
270 3963 335 4023 Glo.
360 3963 499 4107 {I7Zy5n2
521 3983 617 4044 progr.
651 3965 689 4024 de
720 3965 835 4023 medicis
864 3964 996 4024 heroibus
1029 3968 1058 4022 et
1089 3964 1220 4023 heroibus
1248 3964 1372 4027 medicis.

245 4049 338 4112 Viteb.
446 4096 453 4110 .
501 4094 508 4110 .

205 4134 278 4200 Gen.
300 4133 410 4210 Wolfg.
432 4132 557 4193 Wedel
580 4135 616 4192 de
637 4133 761 4193 Hercule
784 4132 903 4194 medico.
946 4132 1008 4191 Jeu.
1032 4127 1125 4194 1703.
1146 4127 1178 4193 4.

204 4218 280 4297 Aug.
305 4219 414 4288 Quiriu.
436 4217 587 4277 Rivinus
608 4239 704 4297 progr.
720 4220 757 4278 de
770 4220 929 4279 auctoribus
939 4218 1092 4276 medicinae
1102 4218 1129 4276 iu
1142 4216 1270 4286 Graecia,
1291 4233 1374 4294 prae·

248 4307 330 4383 cipue
361 4306 398 4362 de
424 4302 547 4362 Chirone
580 4303 739 4377 Centauro,
772 4322 790 4362 a
816 4305 905 4384 patria
933 4302 1081 4364 Thessalo.
1123 4299 1201 4379 Lips.
1227 4295 1319 4362 1694.
1341 4296 1373 4362 4.

248 4386 325 4508 lg?
348 4383 385 4510 fl.
402 4382 627 4518 9§paldolt-her
654 4385 754 4440 Chiron
776 4386 823 4440 dor
848 4385 997 4453 Phillyrides
1013 4382 1040 4436 in
1057 4383 1167 4477 Allgem.
1186 4380 1375 4505 Schulzeituug
