2888 4958
174 298 236 366 100
570 294 710 357 Medicina
730 296 759 355 iu
783 294 956 371 theologicis.

176 460 236 521 Pet.
258 459 351 516 Beer
370 449 470 512 Leben
489 451 549 511 und
573 450 688 510 Wirken
710 451 761 509 des
789 449 882 508 Rabbi
905 447 1000 508 Moses
1021 447 1082 507 Ben
1103 445 1239 508 Maimon.
1270 442 1348 522 Prug

219 538 311 602 1834.
335 535 365 600 8.
390 543 462 609 (Cir.
473 540 672 594 Biicharlunde
686 541 706 593 i.
722 540 750 593 d.
766 539 852 593 iltere
866 538 979 606 Medic,
990 541 1017 594 0.
1030 537 1100 590 Aua.
1117 537 1148 588 S.
1158 533 1238 602 378.)

178 630 263 690 alia.
285 625 387 684 Lazar.
413 620 502 696 Sinaj.
535 620 770 679 Kirachbaum
805 619 983 678 hlaimonidis
1014 617 1130 695 medici,
1168 615 1218 690 qui
1251 613 1346 673 seculo

218 713 340 773 florebat
361 706 434 782 xil,
458 706 597 784 specimen
619 706 805 764 diaeteticnm.
858 705 952 766 Berol.
975 698 1069 767 lata.
1093 696 1123 761 8.
1146 703 1261 774 (Latina
1285 719 1348 756 ver-

220 794 259 848 sio
277 789 425 858 regularum
442 787 637 840 diaetsticarum
653 803 688 839 ex
705 803 784 856 opcrs
801 783 839 840 lli.
857 784 1026 853 theologico.)

371 1045 452 1142 B.
511 1040 858 1141 Medicina
892 1040 1151 1139 biblico.

534 1263 586 1334 a.
638 1244 984 1333 Generatim.

177 1427 224 1490 Jo.
250 1421 338 1482 Henr.
362 1439 418 1479 von
440 1418 572 1479 Seelen
604 1421 642 1479 de
676 1420 849 1478 medicorum
880 1420 985 1479 meritis
1014 1419 1043 1476 in
1064 1380 1143 1477 Sacc.
1171 1414 1347 1494 Scripturam

220 1507 339 1566 diatriba
366 1506 464 1564 histor.
489 1506 547 1567 crit.
590 1503 698 1564 Lubec.
719 1499 812 1563 1719.
837 1498 867 1566 4.
894 1538 937 1548 -
962 1503 1049 1561 Redit
1069 1506 1099 1560 ia
1122 1501 1220 1576 Ejnsil.
1254 1499 1347 1558 Medi-

219 1599 283 1652 tait.
309 1596 430 1666 exegett.
461 1589 491 1647 P.
516 1589 549 1647 ll.
579 1594 752 1661 (Theologus
780 1595 867 1646 refert
893 1593 927 1645 de
952 1593 1059 1645 lxxx
1083 1591 1204 1657 medicis,
1220 1588 1268 1660 qui
1282 1606 1347 1642 exe-

169 1688 172 1692 ’
221 1673 295 1744 gasin
313 1671 434 1725 biblicam
451 1668 556 1739 scriptis
573 1670 753 1736 illustrarunt.)

178 1747 215 1811 G.
234 1744 405 1803 Lizeliuc
431 1742 467 1800 de
492 1743 584 1820 poetis
609 1744 722 1802 medicis
746 1759 842 1800 sacrae
869 1741 1024 1821 scripturae
1049 1739 1248 1818 interpretibus
1269 1758 1348 1797 com-

219 1829 363 1889 mentatio.
406 1827 507 1906 Spirae
529 1821 620 1888 1743.
657 1833 711 1898 (De
735 1830 846 1884 medicis
872 1831 927 1884 illis
952 1831 999 1901 qui
1034 1831 1140 1883 cantica
1168 1846 1248 1882 sacra
1275 1845 1348 1881 com-

176 1910 421 2043 Fmppppeppptlpes
447 1979 602 2060 (Valesius)
628 1982 665 2039 de
690 1980 739 2055 iis,
768 1999 841 2057 quae
869 1980 983 2058 physice
1004 1979 1108 2057 scripta
1131 1979 1247 2037 suntin
1269 1964 1347 2035 libris

218 2067 305 2127 sacris
329 2085 351 2123 s.
384 2066 421 2123 de
446 2084 525 2124 sacra
556 2065 741 2143 philosophia.
795 2065 871 2141 Aug.
903 2065 1019 2128 Taurin.
1056 2058 1147 2126 1587.
1177 2059 1217 2136 8.,
1250 2060 1347 2139 Lugd.

219 2146 312 2211 1588.
324 2146 365 2222 8.,
387 2150 520 2211 Francos.
540 2145 630 2208 1590.
649 2145 690 2224 8,,
711 2149 805 2226 Lugd.
820 2145 911 2211 1592.
923 2145 962 2225 8.,
987 2150 1024 2207 ib.
1048 2144 1140 2207 1595.
1151 2143 1191 2224 8.,
1212 2147 1346 2206 Francos.

220 2231 312 2295 1600.
334 2229 375 2304 8.,
398 2234 434 2291 ib.
461 2229 555 2293 1608.
581 2230 622 2306 8,,
644 2233 739 2308 Lugd.
760 2229 851 2292 1622.
873 2230 916 2306 8.,
938 2236 974 2295 ib.
998 2227 1291 2295 1626.8.ib.1652.
1314 2227 1344 2291 8.

219 2322 308 2396 (quae
326 2318 412 2376 editio
433 2324 513 2375 sexta
530 2318 652 2391 dicitur),
665 2317 704 2376 ib.
717 2312 807 2377 1667.
821 2311 849 2375 8.
865 2353 904 2362 -
916 2317 1046 2376 Editiorri
1052 2320 1159 2395 primae
1168 2317 1346 2394 Lugdunensi

218 2398 302 2462 1588
312 2420 369 2464 occ.
391 2399 479 2459 Levin
490 2399 664 2461 Lemnius
687 2403 724 2459 de
735 2401 837 2480 plantis
855 2404 949 2479 sacris,
964 2402 1033 2482 quod
1048 2398 1141 2479 1569,
1152 2410 1181 2461 et
1197 2402 1344 2461 Ruaens

218 2488 256 2545 de
280 2485 397 2562 gemmis
417 2486 636 2566 apocalypseos,
659 2486 729 2565 quod
759 2481 837 2546 1547
865 2488 1018 2565 prodierat.
1057 2492 1153 2558 (Varia
1181 2491 1216 2544 ad
1242 2491 1345 2545 biblio-

218 2584 274 2622 rum
292 2565 491 2637 explicationem
510 2585 525 2620 c
542 2567 653 2622 scientia
671 2568 783 2620 naturali
802 2575 828 2621 et
846 2568 946 2622 medica
964 2569 1024 2621 vide
1042 2567 1068 2620 in
1093 2570 1200 2638 Sylloge
1221 2569 1346 2638 disputo·

217 2639 320 2690 tr'orsasn
337 2636 501 2688 selectioram
518 2638 556 2689 ud
572 2637 736 2690 illustrando
768 2638 797 2688 V.
820 2643 847 2689 et
874 2638 909 2692 N.
935 2639 965 2694 Τ.
988 2640 1047 2691 locu
1064 2637 1093 2691 ia
1115 2639 1261 2691 Germania
1283 2652 1346 2690 coa·

216 2707 385 2774 scriptoram.
407 2705 482 2756 Tomi
501 2707 540 2761 11.
575 2704 719 2760 Amstclod.
738 2704 813 2761 1701.
833 2704 909 2762 1702.
928 2706 959 2772 l.)

38 2817 44 2823 -
174 2776 252 2838 Paul
277 2777 440 2837 Walther
461 2779 590 2858 synopsis
612 2779 743 2858 physicae
764 2796 867 2836 sacrae.
912 2777 1069 2856 Gryphisw.
1093 2773 1184 2837 1619.

172 2863 218 2922 Jo.
240 2863 314 2922 Geo.
349 2862 522 2922 Grossius
553 2863 750 2942 compendium
779 2863 932 2921 medicinae
961 2882 995 2923 ex
1020 2863 1158 2942 scriptura
1186 2880 1268 2922 sacra
1293 2863 1346 2921 de·

214 2954 520 3090 promtupanRecgnon
541 2949 580 3007 ad
609 2949 728 3007 candem
753 2952 828 3006 recte
851 2946 1062 3023 intelligendam
1092 2948 1346 3015 accommodatum.

213 3032 301 3090 Basil.
408 3073 415 3088 .
461 3075 469 3092 .

172 3115 250 3175 Paul.
285 3114 466 3173 Vcccbius
498 3115 724 3175 observationum
761 3117 927 3193 omnigenae
959 3117 1122 3178 eruditionis
1158 3115 1186 3173 in
1221 3115 1346 3174 divinam

214 3198 379 3275 scripturam
399 3199 554 3258 universam
572 3200 590 3259 lt
613 3202 686 3277 dno,
707 3201 813 3278 primus
833 3204 980 3262 continens
1004 3199 1213 3261 obseruationes
1226 3198 1346 3275 physio-

215 3283 416 3360 gnomon-as,
449 3286 588 3342 secundus
619 3287 829 3344 observationes
860 3289 991 3351 medicas.
1033 3282 1156 3363 Neapoli
1186 3277 1279 3343 1641.
1312 3278 1343 3342 4.

172 3367 301 3428 Vincent
327 3365 441 3426 Moles
467 3368 630 3446 pathologia
653 3371 828 3441 morborum,
865 3390 984 3447 quorum
1012 3370 1041 3430 in
1066 3368 1160 3429 Sacris
1190 3368 1343 3446 scripturis

214 3453 320 3513 mentio
348 3451 389 3512 fir.
433 3452 545 3512 Madrit.
575 3450 667 3514 1642.
691 3450 807 3528 (1643.)
832 3450 863 3517 4.

173 3538 291 3599 Hieron.
321 3537 467 3597 Bardus
498 3540 620 3598 medicus
652 3540 950 3617 politico-catholicus,
980 3559 1031 3599 sen
1056 3538 1211 3598 medicinae
1246 3553 1344 3594 sacrae

216 3629 275 3682 tum
296 3624 520 3698 cognoscendae,
540 3630 600 3681 tum
624 3625 772 3683 faciundae
791 3624 864 3688 idea.
908 3626 1026 3683 Genuae
1050 3618 1143 3683 1643.
1164 3616 1194 3680 8.
1230 3623 1344 3693 (Agitur

216 3704 249 3787 dp
267 3702 382 3786 illimato,
400 3703 486 3774 Mose,
504 3704 586 3773 lilisa,
603 3704 701 3770 Esdra,
719 3705 865 3772 Salomone,
877 3705 969 3771 lisaia,
982 3702 1095 3760 Jmsmia
1107 3703 1218 3772 aliisquo
1227 3701 1344 3755 madico-

173 3771 340 3902 mliillhl.)
353 3798 491 3904 liberte
516 3844 652 3904 medicina
674 3864 752 3904 sacra
772 3864 795 3903 s.
819 3847 855 3905 de
875 3845 998 3923 morbis,
1024 3863 1146 3922 quornm
1175 3841 1280 3902 mentio
1307 3840 1342 3899 fit

215 3927 245 3986 iu
269 3926 354 3984 sacris
374 3926 480 3987 litteris.
523 3931 673 4006 Saragoss.
699 3926 790 3989 1645.
812 3925 843 3992 4.

172 4011 221 4077 Jo.
242 4009 316 4075 Dan.
344 4010 460 4088 Major
487 4014 570 4092 (resp.
591 4015 637 4078 lo.
657 4013 736 4073 Frid.
758 4013 870 4090 Moller)
891 4014 959 4074 diss.
988 4015 1025 4073 de
1052 4011 1180 4090 myrrha,
1215 4009 1343 4084 locustis,

210 4095 456 4241 jley'jn‘ngiofhristi,
478 4097 592 4157 Christo
613 4101 733 4173 medico,
754 4099 894 4179 lunaticis,
917 4098 1075 4180 paralyticis
1100 4104 1130 4157 et
1150 4095 1216 4154 sale.
1245 4094 1343 4156 Kilon.

174 4223 482 4326 momontum„
504 4268 540 4326 ue
561 4268 665 4327 morus
687 4268 792 4327 brunon
812 4267 1117 4330 miracimmum,
1142 4264 1230 4326 usn.
1251 4257 1346 4324 1671.

184 4384 188 4391 -
216 4344 260 4428 8.,
279 4348 411 4408 Francos.
434 4368 460 4409 a
483 4349 522 4410 bl.
546 4346 638 4413 lota.
660 4347 701 4426 8.,
721 4353 788 4416 ibid.
801 4349 891 4412 lona.
907 4347 936 4411 8.
958 4352 1026 4413 ibid.
1057 4346 1149 4412 1705.
1160 4344 1191 4409 4.
1217 4350 1347 4422 (Sylloge

219 4431 459 4486 commentationum
475 4431 511 4485 ad
529 4434 544 4486 l
562 4431 632 4490 Mos.
649 4433 722 4499 1η.
740 4433 791 4499 213
816 4435 832 4487 1
850 4432 921 4489 lllos.
942 4433 987 4499 31,
1010 4451 1037 4488 v.
1055 4431 1104 4500 313
1128 4431 1145 4486 1
1166 4429 1238 4486 Mos.
1256 4427 1300 4494 19,
1318 4447 1346 4487 v.
