2888 4958
192 310 256 376 112
582 308 724 371 Medicina
747 310 776 369 ia
802 308 975 390 theologicis.

236 457 534 532 (Maltamonenses
557 476 591 513 ex
608 477 678 530 pago
696 459 862 526 Lumbieres3
885 459 990 515 accedit
1007 459 1103 518 Oratio
1122 461 1156 515 ab
1174 464 1287 516 suctim
1304 461 1367 517 To-

237 532 308 586 losae
325 530 414 584 habita
429 547 496 583 anno
516 528 602 595 1617.)

194 606 283 666 Conr.
303 604 321 661 J
327 603 497 661 ohreuius
523 604 608 682 (resp.
631 601 738 677 Georg.
763 601 839 663 Petr.
861 601 989 671 Schultz)
1014 603 1083 664 diss.
1105 602 1200 679 inaug.
1225 602 1303 661 med.
1328 602 1368 662 de

236 688 341 749 morbis
363 687 468 745 biblicis
491 684 529 752 N.
551 687 587 747 T.
609 687 742 747 Francos.
771 686 809 745 ad
830 687 926 749 Viadr.
951 681 1042 747 1704.
1070 681 1163 746 1710.
1185 689 1216 748 4.
1251 691 1367 758 (Matth.

236 768 263 840 9,
281 787 308 822 v.
318 768 360 822 10.
379 768 446 826 Luc.
463 767 505 833 13,
519 787 545 824 v.
562 769 605 823 11.
625 767 722 824 Matth.
732 766 758 833 8,
769 785 796 823 r.
808 766 849 821 14.
867 767 952 822 Maro.
962 769 987 832 1,
998 787 1022 822 r.
1032 768 1075 822 30.
1094 769 1160 823 Luc.
1169 767 1196 834 4,
1204 785 1230 823 v.
1238 767 1284 822 38.
1293 769 1367 836 eto.)

193 844 239 907 1ο.
264 842 323 900 Jac.
348 840 458 899 Baier
480 841 748 899 animadversionum
773 841 1073 918 physico-medicorum
1097 843 1124 899 in
1147 841 1288 916 quaedam
1304 841 1370 900 loca

236 927 303 987 nori
327 926 449 984 foederis
474 926 588 1004 specim.
607 924 724 988 l—lll.
750 919 1008 987 Altort1728—
1026 921 1116 988 1732.
1133 921 1165 988 4.
1177 959 1219 971 -
1233 923 1370 984 &uectae

237 1004 485 1072 situentur.
507 1016 579 1082 (Sub
599 1013 684 1066 variis
705 1013 958 1083 respondentibus.)

195 1096 269 1159 Geo.
296 1095 414 1152 Gritze
435 1095 574 1153 variorum
595 1095 696 1156 celebr.
718 1095 888 1152 medicorum
910 1095 1134 1168 observationes,
1162 1094 1265 1171 quibus
1287 1090 1368 1154 multi

197 1250 201 1255 ,
237 1179 275 1243 N.
298 1180 334 1240 T.
359 1179 413 1238 loci
438 1181 522 1239 docte
546 1179 727 1241 illustrantur.
769 1178 872 1238 Altors.
899 1175 990 1240 1740.
1011 1175 1042 1242 8.

458 1432 537 1504 bb.
584 1430 801 1518 vantra
833 1433 1099 1519 nonnula.

650 1615 679 1654 ot.
718 1599 910 1656 Christus·

195 1740 262 1799 Chr.
285 1736 384 1816 Steph.
413 1735 578 1795 Scheifel
605 1756 701 1816 progr.
728 1737 765 1795 de
794 1737 972 1816 providentia
992 1734 1047 1795 Dei
1074 1734 1146 1792 circa
1173 1732 1317 1793 Christum
1337 1737 1369 1795 in

238 1830 318 1882 utero
340 1821 447 1881 Mariae
471 1821 607 1881 inclusum
633 1828 662 1880 et
690 1841 780 1880 exeo
807 1841 959 1897 egressum.
1003 1814 1313 1898 Gryphiswaldi1730.
1335 1816 1367 1879 4.

192 1908 323 1969 Vincent.
335 1905 446 1966 Moles
462 1906 638 1985 philosophia
648 1905 780 1965 naturalis
796 1908 920 1984 corporis
935 1905 1046 1965 Christi.
1073 1906 1218 1983 Antwerp.
1230 1899 1324 1965 1631.
1334 1907 1366 1964 4.

193 1990 239 2056 Jo.
250 1992 310 2052 lac.
324 1991 423 2053 Heinr.
434 1990 603 2070 Biielring
619 1992 688 2051 irber
711 1992 762 2050 das
781 1991 998 2070 Temperameut
1014 1991 1085 2049 Jesu
1101 1989 1213 2052 Christi.
1244 1990 1365 2049 Stendal

193 2163 297 2223 Matth.
320 2161 542 2220 Kunstmann
565 2161 633 2220 diss.
657 2161 694 2218 de
713 2161 860 2240 praeputio
878 2160 990 2218 Christi.
1021 2159 1204 2238 Regiomont.
1222 2153 1315 2218 1688.
1334 2154 1366 2222 4.

193 2247 305 2308 Valent.
339 2247 426 2306 Henr.
453 2244 593 2321 Vogler
624 2244 801 2322 physiologia
828 2246 959 2304 historiae
986 2245 1125 2324 passionis
1151 2243 1220 2302 Jesu
1250 2243 1367 2307 Christi.

237 2330 358 2391 Helmst.
380 2324 471 2391 1673.
493 2325 522 2386 4.
553 2334 624 2401 (cn.
637 2351 700 2403 pag.
717 2336 789 2402 ror.)

192 2415 239 2474 Jo.
262 2413 354 2490 Chph.
376 2411 569 2471 Lischwitz
595 2415 632 2472 de
652 2415 755 2493 plantis
786 2413 945 2473 dolorosam
970 2411 997 2476 J.
1019 2412 1053 2472 C.
1074 2412 1234 2491 passionem
1264 2412 1368 2492 depin-

236 2498 367 2574 gentibus
392 2503 422 2556 et
442 2498 479 2555 de
500 2497 602 2574 plantis
622 2499 852 2557 resurrectionem
874 2498 979 2556 Christi
1000 2507 1029 2557 et
1052 2503 1177 2556 nostram
1201 2516 1218 2557 a
1247 2499 1367 2557 mortuis

235 2581 427 2642 referentibus.
471 2582 565 2645 Kilon.
587 2578 677 2644 1739.
706 2581 736 2647 4.

194 2663 284 2730 Andr.
307 2666 498 2746 Westphal
520 2668 587 2731 diss.
613 2669 713 2726 sistens
738 2667 846 2744 aliquas
870 2666 1124 2725 animadversiones
1147 2666 1270 2726 medieas
1291 2667 1367 2726 circa

235 2753 348 2835 potiora
369 2755 510 2829 quaedam
531 2759 673 2813 momentu
695 2754 724 2811 in
745 2753 876 2832 passione
893 2751 1048 2811 Salvatoris
1069 2753 1252 2816 occurrentia
1289 2752 1367 2830 Gry-

235 2838 383 2917 phiswald.
410 2833 501 2898 1761.
526 2833 556 2898 4.

193 2922 266 2985 Geo.
292 2922 399 2998 Wolsg.
421 2921 544 2980 Wedel
576 2921 615 2979 de
639 2941 744 2980 corona
769 2920 872 2980 Christi
893 2919 1001 2999 spinea.
1048 2920 1111 2980 Jen.
1140 2916 1232 2984 1696.
1259 2915 1292 2981 4.
1319 2952 1365 2966 —-

234 3006 331 3065 Beros.
354 3011 384 3064 in
409 3005 509 3066 Wedel
532 3024 621 3063 exero.
651 3008 724 3064 med.
746 3006 842 3084 philol.
868 3004 950 3068 Ceut.
972 3005 995 3062 l.
1019 3007 1078 3064 dec.
1102 3002 1131 3068 9.
1154 3025 1181 3064 n.
1203 3001 1233 3065 3.

193 3088 269 3152 Dan.
285 3091 449 3148 Hallman
462 3090 526 3147 diss.
538 3090 634 3164 inaug.
646 3090 683 3147 de
695 3109 833 3172 στεφανῳ
850 3092 880 3164 εξ
892 3097 1048 3151 anonimo.
1076 3089 1213 3149 Rostoch.
1227 3083 1319 3151 1757.
1329 3087 1365 3155 4.

239 3171 303 3232 (ium
318 3174 371 3236 lab.
386 3194 444 3232 aen·
479 3187 550 3248 (Cfr.
574 3188 637 3242 Geo.
658 3187 787 3241 Mriller
805 3189 838 3240 de
858 3189 942 3254 spinis
958 3206 1071 3241 coronae
1088 3189 1192 3241 Christi
1207 3187 1365 3256 in·Sylloge

236 3252 343 3322 disputt.
367 3253 495 3308 selectior.
521 3256 554 3308 ad
578 3255 671 3313 illustr.
695 3259 727 3311 V.
754 3264 782 3310 et
799 3256 835 3312 N.
854 3257 889 3313 T.
908 3257 968 3310 locu
984 3257 1012 3310 iu
1030 3257 1173 3311 Germania
1190 3258 1365 3328 eomcriPtar.

236 3323 378 3378 Amrtelod.
396 3322 471 3378 1701.
491 3323 566 3378 1702.
585 3327 616 3392 l'.)

191 3394 293 3459 Thom.
319 3396 512 3456 Bartholin
541 3400 577 3456 de
599 3417 679 3457 cruce
698 3398 800 3456 Christi
820 3397 1037 3477 hypomnemata
1059 3397 1114 3458 lV:
1144 3399 1181 3458 de
1202 3398 1282 3457 sedili
1303 3416 1365 3457 me-

235 3482 300 3555 dio,
333 3482 370 3539 de
397 3482 463 3540 vino
487 3483 646 3562 myrrhato,
679 3484 717 3541 de
738 3502 841 3541 corona
862 3485 976 3560 spinea,
1009 3484 1046 3542 ‹le
1067 3485 1172 3542 sudore
1195 3485 1363 3558 sanguineo.

233 3566 327 3628 Havn.
344 3561 434 3625 1651.
455 3563 484 3630 8.
510 3569 575 3630 min.
591 3601 634 3612 —
655 3565 720 3625 Cam
740 3568 806 3625 aliie
819 3568 900 3630 simil.
920 3572 1036 3645 scriptia
1068 3567 1184 3628 Amstel.
1208 3562 1364 3631 1671.12.

192 3683 236 3697 ·-
256 3683 299 3696 —
327 3652 364 3709 de
390 3651 476 3711 latere
501 3652 604 3711 Christi
624 3659 733 3731 aperto.
755 3651 849 3727 Lugd.
863 3653 927 3712 Bat.
952 3648 1043 3713 1646.
1055 3647 1086 3715 4.
1122 3651 1199 3731 Lips.
1215 3645 1309 3710 1685.
1330 3647 1363 3717 8,

192 3737 277 3812 Casp.
299 3734 444 3795 Dornau
467 3738 621 3817 deoperto
650 3738 738 3795 latere
759 3737 870 3794 Christi.
914 3737 1027 3796 Hanov.
1055 3733 1147 3799 1631.
1171 3733 1201 3795 4.

191 3818 237 3881 Jo.
258 3819 349 3877 Hess
374 3822 411 3879 de
426 3823 515 3881 fluore
532 3823 675 3899 sanguinis
692 3827 721 3880 et
737 3841 829 3898 aquae
841 3841 857 3878 a
869 3821 955 3879 latere
967 3822 1078 3880 Christi.
1110 3821 1202 3881 Viteb.
1219 3813 1312 3881 1670.
1330 3816 1362 3880 4.

235 3897 304 3961 (cfr.
322 3900 362 3954 Jo.
383 3903 445 3954 Chr.
471 3904 592 3956 nister
609 3905 642 3956 de
659 3920 731 3972 apua
743 3920 774 3954 es
794 3902 898 3954 Christi
914 3905 998 3954 lutere
1015 3906 1165 3972 profluente
1182 3903 1257 3956 etse.
1274 3901 1361 3954 Andr.

239 3969 427 4034 Queastedt
450 3973 482 4024 tle
504 3974 635 4027 outaenb.
661 3972 775 4037 Christi,
799 3988 867 4054 quse
891 3971 1009 4029 disserit.
1026 3973 1192 4029 eontinentur
1208 3970 1234 4023 in
1252 3968 1362 4038 Sylloge

233 4036 395 4160 {lihlimlqhh
411 4038 502 4176 ilrhpstr.
521 4040 555 4097 V.
576 4048 603 4094 et
620 4040 656 4095 N.
673 4041 708 4096 T.
727 4039 786 4093 loca
802 4057 829 4092 1n
848 4038 989 4093 Germania
1008 4041 1183 4113 comoriptar.
1218 4037 1361 4097 Amstelod,
1405 4077 1408 4080 ι

191 4179 263 4242 Geo.
289 4180 395 4256 Wolfg.
424 4179 552 4241 Wedel
589 4183 625 4240 de
652 4181 739 4242 latere
768 4180 872 4240 Christi
897 4187 1006 4261 aperto.
1059 4182 1122 4241 Jen.
1149 4175 1242 4240 1686.
1264 4174 1295 4240 4.
1317 4211 1362 4224 -

235 4263 332 4323 Recto.
357 4268 387 4322 in
408 4265 509 4325 Wedel
530 4285 619 4326 exerc.
644 4270 717 4326 med.
741 4266 835 4345 philol.
860 4265 943 4325 Cent.
967 4268 989 4330 1.
1011 4268 1071 4327 dec.
1093 4263 1122 4326 3.
1144 4286 1173 4329 n.
1197 4259 1226 4327 l.

191 4346 264 4414 Duo.
291 4349 374 4409 Wilh.
398 4349 535 4411 Triller
557 4353 593 4409 de
618 4353 744 4411 mirando
768 4350 861 4410 lateris
882 4353 1034 4428 cordisque
1057 4351 1159 4411 Christi
1176 4349 1292 4409 vulnere
1305 4353 1360 4407 etc.

195 4482 198 4489 .
233 4433 326 4495 Viteb.
338 4429 430 4494 1775.
442 4431 472 4495 4.
483 4435 628 4495 -Reeaa
640 4456 662 4495 c.
675 4437 795 4496 Gruncri
810 4454 910 4496 comm.
921 4438 959 4496 (le
974 4437 1168 4498 daemoniacis.
1189 4435 1254 4495 len.
1268 4428 1360 4498 1775.
