2888 4958
533 301 686 363 Medicina·
700 306 804 371 clinica.
1196 319 1255 386 161

76 464 113 531 A.
135 460 344 523 Hornatein
373 458 424 516 der
455 457 556 517 Tabak
585 459 613 514 in
642 457 837 535 historischen,
865 463 1037 528 finanzieller
1061 474 1120 532 und
1143 473 1257 538 diiteti-

121 550 202 608 ecber
227 544 401 618 Beziebung.
444 544 541 601 Briiun
566 537 656 606 1828.
679 538 708 602 8.

77 629 498 779 Jokffgpbapdobpepschen
526 629 593 686 diss.
615 628 714 706 philos.
745 631 781 688 de
809 632 864 691 ritu
889 634 1029 695 salutandi
1054 645 1256 710 sternutantes.

79 759 434 949 Evli.lee7rprlsd1orf
455 796 492 854 de
519 796 574 854 ritu
606 799 827 858 sternutantibus
859 801 931 861 bene
961 808 1094 883 precandi
1126 811 1255 888 epistola.

78 974 126 1033 Jo.
148 909 271 1070 Iliirdoif..
295 925 399 1063 Rirhir
429 965 466 1062 de
490 983 569 1022 more
596 966 817 1026 sternutantibus
845 970 963 1030 salutem
985 979 1156 1053 apprecandi
1182 981 1257 1057 ejus-

123 1077 181 1135 que
201 1073 316 1131 orrgrne.
342 1052 443 1126 Tigurr
465 1043 557 1107 1741.
579 1044 701 1126 (1742.)
727 1049 758 1114 4.

81 1146 180 1205 Simon
202 1137 384 1200 Ballerini
411 1134 519 1208 origiue
552 1134 615 1192 dell'
644 1153 695 1192 uso
723 1137 752 1192 di
779 1137 900 1197 salutare
926 1145 1041 1216 qnando
1072 1146 1094 1202 ei
1121 1153 1255 1209 sternuta.

122 1229 207 1289 Rom.
231 1216 358 1285 17474
392 1231 460 1297 (co.
488 1231 617 1284 strada
642 1232 791 1300 eloquentia
816 1235 951 1304 rapaton.
981 1240 1011 1292 P.
1038 1241 1059 1294 1.
1090 1242 1257 1302 eminio...

126 1309 222 1362 ecadd.
241 1302 383 1382 Amsteiud3
403 1299 478 1354 1658.
498 1299 539 1352 12.
558 1300 577 1354 l.
594 1300 619 1353 3.
643 1318 670 1369 p.
687 1301 739 1354 432
754 1321 809 1373 sq.;
829 1304 943 1360 Morin
967 1307 993 1360 in
1016 1309 1094 1364 Mem.
1113 1314 1146 1366 de
1162 1316 1246 1369 l'acad

124 1379 172 1432 des
185 1375 306 1457 inscript.
321 1372 398 1450 Parra
413 1367 490 1450 1723..
502 1369 529 1423 4.
542 1377 602 1422 tom.
612 1369 639 1423 4.
654 1388 680 1439 p.
690 1370 766 1424 325⁸
787 1393 810 1438 .;
830 1373 992 1444 Staipart
1010 1396 1073 1432 ven
1092 1382 1151 1434 der
1168 1358 1257 1438 Wiei

125 1448 196 1500 obre.
218 1458 310 1496 rarior.
329 1440 419 1492 medic.
438 1437 513 1494 Lerd.
534 1436 610 1492 1728.
628 1437 653 1492 8.
672 1440 728 1494 oba.
748 1391 794 1496 Vi.
812 1459 837 1509 p.
853 1444 951 1513 4bsq.;
969 1447 1021 1502 Jul.
1044 1449 1258 1507 Roaerrbaom

125 1519 191 1570 iiber
214 1515 264 1565 due
287 1512 364 1562 Alter
387 1509 444 1559 und
465 1508 508 1558 dic
532 1507 692 1578 Bedeutuag
717 1510 761 1561 dee
780 1511 999 1565 Girickwumcbee
1017 1518 1084 1571 baim
1109 1519 1209 1575 Nicaea
1229 1524 1257 1577 iu

125 1583 233 1639 Becker
250 1578 366 1633 Annalen
385 1576 411 1631 d.
430 1574 611 1632 Heiu.1833.
631 1576 679 1631 Bd.
697 1576 740 1642 26,
757 1579 785 1631 S.
811 1579 861 1634 133
878 1610 912 1620 —
934 1584 1007 1651 154)

81 1789 247 1913 XV.
327 1780 735 1904 uectoria
794 1791 1259 1916 medicinae

482 1939 858 2062 clinicae.

397 2168 456 2244 a.
527 2146 941 2247 Generatim.

86 2343 155 2404 Paul
176 2339 319 2415 Angustia
344 2336 417 2394 Oliv.
445 2335 574 2394 Mahou
596 2335 711 2395 histoire
731 2339 768 2397 de
788 2337 816 2395 ia
836 2339 982 2398 me'decine
997 2338 1130 2415 clinique.
1156 2343 1255 2420 depuis

125 2449 179 2487 sou
201 2425 308 2499 origine
327 2420 421 2497 jusqu’
444 2421 533 2478 anos
556 2420 644 2495 jours.
684 2423 760 2480 Paris
782 2431 810 2480 et
830 2425 930 2483 Roucn
954 2443 990 2481 an
1007 2425 1061 2482 Xll
1083 2419 1204 2506 (1804.)
1225 2424 1254 2489 8.

127 2509 216 2592 (ῼριιε
235 2504 319 2575 postb.
337 2503 379 2556 ed.
400 2501 466 2584 bod.
483 2500 631 2584 Lamnum,
656 2503 761 2570 adjecta
785 2513 845 2557 eunt
862 2505 990 2574 quaedam
1012 2504 1256 2577 medico-practica

127 2594 199 2630 crrca
218 2575 333 2626 morbum
352 2570 473 2639 gallicum
492 2572 620 2624 auctorrb.
638 2571 675 2625 M.
695 2583 723 2623 et
741 2572 786 2638 1..)

85 2650 123 2714 H.
152 2649 187 2712 Ε,
217 2646 390 2720 Tbijssen
426 2662 493 2700 over
522 2644 558 2701 de
590 2643 781 2717 geschiedenia
808 2663 844 2703 en
869 2645 1015 2720 strelrking
1044 2647 1098 2705 der
1123 2646 1256 2709 klinische

126 2731 335 2812 geneeskunde.
377 2726 495 2785 Amstel.
520 2721 613 2785 1828.
633 2723 663 2789 4.

85 2821 115 2879 S.
136 2821 174 2878 G.
192 2818 229 2878 G.
246 2814 361 2874 brute'
388 2813 461 2870 essai
486 2830 533 2868 sur
557 2810 690 2870 l’bistoire
711 2819 741 2871 et
766 2810 807 2870 les
833 2819 986 2890 avantages
1008 2813 1058 2870 des
1083 2814 1254 2877 institutione

126 2903 270 2978 cliniques.
313 2898 390 2957 Paria
417 2891 508 2955 1803.
535 2891 563 2954 8.

84 2990 152 3052 Ern.
176 2985 297 3045 Godofr.
316 2982 519 3056 Baldinger
542 3000 637 3058 progr.
652 2979 689 3037 de
709 2973 841 3037 Friderici
859 2979 1023 3037 Hoffmanni
1036 2984 1077 3038 'et
1100 2981 1255 3044 Hermanni

125 3069 294 3133 Boerhaavii
316 3067 419 3126 meritis
443 3067 472 3124 iu
494 3066 657 3123 medicinam
680 3065 840 3144 practicam.
883 3065 972 3124 Jenae
993 3058 1085 3126 1772.
1107 3062 1137 3130 4.

83 3260 144 3354 b.
181 3251 381 3350 Laura
401 3250 491 3346 ad
509 3248 906 3346 medicinam
926 3249 1251 3351 clinicum.

85 3425 148 3491 Ab.
171 3447 198 3486 v.
220 3424 352 3484 Haller
376 3421 544 3480 bibliotheca
567 3420 722 3478 medicinae
746 3420 884 3497 practicae
913 3438 969 3495 qua
995 3421 1097 3497 scripta
1122 3422 1160 3480 ad
1187 3442 1253 3500 par-

126 3521 185 3572 tem
205 3511 360 3568 medicinae
383 3507 534 3586 practicam
557 3505 686 3562 facientia
707 3524 724 3561 a
746 3524 836 3562 rerum
867 3505 949 3562 initiis
975 3506 1012 3561 ad
1038 3524 1141 3562 anuum
1169 3502 1252 3566 1775

127 3602 317 3656 recensentur.
338 3593 422 3651 Tom.
438 3591 459 3653 i.
482 3591 519 3647 ad
540 3583 712 3652 ann.1533.
739 3578 775 3648 T'.
797 3588 832 3650 11.
853 3590 889 3646 ab
910 3608 983 3645 anno
1004 3582 1086 3646 1534
1104 3591 1140 3645 ad
1160 3585 1251 3654 1647.

125 3668 165 3745 T.
193 3680 240 3738 111.
264 3678 300 3736 ab
322 3696 396 3734 anno
420 3669 502 3733 1648
532 3675 568 3731 ad
591 3667 682 3732 1685.
705 3673 740 3734 Τ.
766 3672 812 3731 lV.
839 3692 874 3729 ex
902 3672 962 3746 ejus
986 3672 1095 3729 schedis
1120 3675 1250 3748 restituit,

127 3767 205 3824 auxit
229 3769 258 3823 et
286 3763 374 3820 edidit
399 3760 497 3821 Joaob.
526 3757 615 3820 Diter.
644 3758 814 3829 Brandis,
842 3757 877 3814 ab
899 3775 973 3814 anuo
995 3751 1077 3814 1686
1099 3758 1136 3814 ad
1160 3752 1251 3823 1707.

126 3854 213 3911 Bern.
235 3855 264 3906 et
277 3847 361 3908 Basil.
387 3837 605 3905 1776-1788.
628 3838 656 3902 4.
677 3853 733 3918 (Ob
751 3863 858 3906 mortem
875 3853 909 3907 H.
928 3869 952 3908 a.
973 3851 1039 3907 1777
1056 3870 1108 3906 non
1126 3855 1159 3908 ud
1177 3856 1254 3910 finem

129 3930 290 4003 propositum
309 3929 452 3999 perducta,
475 3923 561 3977 indice
585 3922 691 3993 copioso
710 3923 813 3992 quidem
831 3921 878 3974 sed
895 3921 961 3981 mule
979 3921 1082 3990 digesto
1100 3921 1250 3991 instructa.)

215 4126 270 4197 o.
327 4094 724 4214 Parnoroom
763 4095 1120 4212 perocculto.

86 4273 240 4352 Sophocles
262 4272 305 4331 ab
327 4270 552 4329 Oeconomus
579 4265 692 4342 specim.
720 4263 816 4340 inaug.
838 4265 1021 4343 pathologiae
1042 4264 1179 4341 generalia
1204 4284 1253 4324 ve-

124 4367 215 4418 terum
236 4357 418 4415 Graecorum.
463 4351 556 4413 Berol.
579 4343 671 4408 1833.
696 4342 726 4411 8.

85 4438 488 4523 Jo.The0phi1.Weidlen
519 4433 624 4516 (praes.
649 4433 754 4493 Berub.
776 4432 843 4495 Chr.
866 4429 952 4512 Otto)
975 4432 1011 4491 de
1032 4439 1168 4512 perpetua
1192 4452 1253 4493 cra·

961 4526 1001 4590 ll
