2888 4958
192 284 255 355 122
639 281 779 345 Medicina
804 282 923 362 magica.

191 439 293 506 Justin.
329 436 469 498 Kerner
503 432 693 496 Nacbrichten
725 454 781 496 ron
813 437 879 498 dem
906 433 1096 495 Vorlrommen
1125 434 1178 495 des
1209 432 1365 495 Besesserr·

233 544 328 603 ‘¹¹⁸'l
354 520 844 666 ‘ltlhtllhttimltlt
856 520 1082 664 pepp-,mur
1095 519 1363 665 stistte?

232 607 564 756 helhlrthgblrdschreihen
588 710 625 750 au
647 627 718 750 deng
731 625 1020 750 obermedcllalrath
1036 625 1190 767 abhhelling
1209 691 1239 749 in
1264 690 1363 748 Stutt·

233 785 306 856 gart.
348 778 493 852 Stuttgart
513 775 573 834 und
593 772 746 853 Augsburg
768 770 861 836 1836.
887 771 918 840 8.

192 864 268 926 Guil.
289 862 438 921 Toolrer
458 860 594 918 charisma
615 878 637 918 s.
662 861 768 919 donum
793 860 936 938 sanitatis,
962 878 985 917 s.
1011 858 1160 939 explicatio
1185 857 1360 935 quaestionis

232 950 261 1007 in
284 948 361 1005 dono
382 945 499 1004 sanandi
521 949 642 1002 strumas
665 964 799 1004 concesso
820 944 933 1020 regibus
956 941 1083 1022 Angliae.
1115 937 1359 1006 Lond.1597.4.

234 1028 325 1098 (Opus
343 1023 473 1093 Theologi
490 1033 517 1078 et
534 1024 716 1078 Ecclesiastici
733 1027 760 1078 in
777 1024 839 1078 aule
855 1024 992 1079 Elisabeth
1010 1025 1118 1097 reginae
1137 1023 1301 1093 bogiorum.)

190 1101 280 1163 Andr.
305 1098 529 1159 Laurentius
561 1096 660 1171 (Andr.
683 1097 853 1178 Dulaurens)
891 1099 928 1156 de
953 1099 1070 1157 mirabili
1096 1104 1215 1155 strumas
1239 1095 1363 1155 sanandi

232 1187 260 1246 ri
283 1185 350 1244 solis
372 1183 479 1241 Galliae
499 1181 613 1258 regibus
635 1182 874 1242 Christianissimis
895 1183 1026 1241 divinitus
1047 1201 1179 1243 concessa
1197 1182 1267 1241 liber
1279 1174 1361 1240 'unus

233 1276 263 1331 et
283 1271 322 1329 de
341 1275 507 1327 strumarum
528 1273 639 1343 natura,
665 1268 838 1342 differentiis,
861 1267 960 1342 causis,
982 1269 1135 1340 curatione,
1157 1285 1230 1342 quae
1248 1267 1283 1325 lit
1297 1273 1361 1326 arte

233 1360 264 1416 et
284 1355 419 1414 industria
437 1352 544 1410 medica
566 1351 614 1413 lib.
636 1351 716 1414 alter.
759 1352 846 1410 Paris.
875 1347 967 1411 1669.
993 1347 1022 1410 8.
1050 1385 1092 1396 -
1113 1351 1259 1410 Recessit
1284 1351 1360 1429 Opp.

236 1437 313 1506 (Cum
331 1435 389 1505 ipse
406 1440 530 1501 tunquam
548 1432 678 1486 archiater
699 1432 788 1501 regius
804 1433 831 1486 iu
850 1433 922 1486 hisce
940 1432 1090 1486 ceremoniis
1108 1439 1251 1502 occupatus
1269 1431 1362 1497 luerit,

235 1513 360 1559 accurate
378 1520 424 1557 eas
442 1501 580 1567 describit;
600 1502 651 1554 vim
669 1501 752 1571 ipsam
769 1519 819 1571 pro
837 1502 925 1555 divina
942 1502 1030 1570 gratie
1041 1502 1120 1555 habet
1132 1501 1283 1554 Clodovacn
1295 1518 1360 1558 con-

236 1591 320 1639 cessa,
338 1571 476 1640 unicuique
494 1570 599 1623 Galliae
618 1571 675 1639 regi
692 1571 751 1623 dein
769 1587 871 1640 semper
888 1571 1039 1637 inhaerens,
1057 1588 1108 1623 non
1126 1586 1190 1623 vero
1209 1568 1361 1639 dynastiis.)

189 1648 217 1714 J.
252 1646 409 1705 Barbier
447 1644 486 1702 les
516 1642 685 1701 miraculeux
711 1643 792 1702 effets
821 1645 858 1703 de
884 1643 912 1701 le
942 1644 1039 1703 sacrde
1068 1643 1143 1701 main
1169 1643 1220 1700 des
1240 1642 1298 1700 rois
1321 1642 1360 1701 de

230 1731 341 1790 France
367 1748 440 1809 pour
467 1727 495 1784 la
524 1728 655 1803 gnerisou
685 1728 736 1787 des
759 1728 893 1787 maladies
921 1734 951 1788 et
974 1749 1048 1809 pour
1070 1727 1099 1787 la
1120 1727 1285 1788 conversion
1307 1727 1360 1786 des

230 1814 399 1889 heretiques.
432 1810 526 1888 'Lyon
547 1807 640 1874 1618.
670 1807 699 1871 8.

189 1899 236 1964 Jo.
260 1897 357 1961 Jooch.
383 1896 584 1973 Zeutgraff
606 1896 695 1977 (resp.
721 1897 792 1956 Geo.
818 1898 905 1960 Henr.
930 1895 1022 1974 Petri)
1052 1896 1126 1974 disp.
1148 1896 1185 1956 de
1209 1901 1289 1956 tectu
1312 1914 1360 1956 re-

232 1984 276 2059 gis
300 1981 445 2055 Francius,
468 2000 525 2056 quo
547 1983 658 2040 strumis
676 1982 836 2042 laborantes
856 1982 1047 2046 restituuntur.
1079 1982 1173 2044 Viteb.
1196 1975 1289 2041 1667.
1309 1976 1358 2055 4.;

231 2068 299 2128 ibid.
336 2062 426 2130 1669.
461 2062 510 2138 4.;
546 2067 612 2130 ibid.
649 2062 740 2131 1675.
766 2063 796 2125 4.
841 2072 969 2140 (Parvum
988 2072 1037 2124 sed
1057 2072 1155 2124 bonurn
1177 2071 1358 2141 opusculum.)

189 2153 289 2214 Meta
313 2153 385 2231 disp.
413 2152 450 2210 de
478 2158 556 2212 tactu
584 2153 659 2229 regis
685 2154 713 2211 iu
740 2151 839 2210 morbo
865 2151 1029 2212 scrofuloso.
1077 2146 1358 2228 Virceburg.1675.

189 2238 265 2301 Will,
286 2237 424 2295 Becket
453 2235 563 2312 inquiry
590 2237 651 2294 into
679 2237 728 2296 the
756 2236 894 2315 antiquity
922 2237 957 2295 of
978 2237 1113 2313 touching
1139 2237 1183 2294 for
1204 2238 1253 2295 the
1275 2235 1359 2314 hings

231 2321 294 2385 evil.
337 2319 431 2378 Lond.
457 2314 549 2379 1722.
570 2317 601 2380 8.
1359 2363 1361 2367 -

188 2407 257 2469 Sim.
280 2403 544 2550 Paulwflgpspher
568 2405 633 2463 diss.
661 2405 698 2463 de
729 2422 796 2464 cura
820 2410 989 2465 strumarum
1015 2410 1146 2465 contactu
1167 2404 1247 2482 regio
1272 2404 1358 2470 fecta.

229 2491 318 2549 Jenae
428 2534 435 2549 .
481 2532 488 2546 .

189 2573 238 2650 (L.
260 2574 453 2648 Choulaut)
481 2572 535 2632 Die
556 2573 679 2650 Heilung
700 2574 751 2632 der
772 2573 900 2632 Scrofcln
923 2573 1011 2633 durch
1029 2572 1226 2650 Kdnigshand.
1269 2571 1360 2634 Dres-

231 2661 287 2719 den
318 2654 409 2720 1833.
437 2654 468 2719 4.
504 2663 560 2732 (Ad
587 2663 784 2717 Scandinaviae
804 2663 908 2716 veteris
929 2664 999 2717 ritus
1018 2665 1159 2717 reducitur
1177 2679 1241 2716 usus
1261 2680 1360 2732 regum

230 2739 341 2810 Angliac
355 2746 385 2795 ct
403 2739 507 2793 Galliae
523 2741 682 2796 smoinlosos
700 2749 727 2796 et
745 2748 887 2796 strumosos
909 2746 1025 2796 tumores
1041 2757 1089 2812 pcr
1105 2746 1204 2794 tactum
1221 2739 1359 2809 sanandi.)

282 2916 319 3000 f·
370 2913 692 3019 asssumpta
722 2920 779 2998 et
804 2903 1258 2998 rhdbdonmntw.

186 3048 323 3110 Laurent.
346 3050 517 3128 Phrysins
538 3051 625 3110 lsurze
645 3052 807 3113 Schirmred
831 3054 883 3111 der
903 3052 999 3111 Kunst
1018 3049 1179 3128 Astrologie
1194 3052 1284 3112 wider
1302 3071 1358 3111 nn-

229 3135 409 3210 verstdndige
425 3135 540 3194 Richter
557 3137 616 3194 und
632 3133 762 3196 Antwort
775 3138 828 3197 auf
835 3138 881 3197 die
895 3135 1028 3197 Aureden
1042 3137 1100 3195 und
1112 3135 1224 3212 Fragen
1235 3136 1359 3197 Luthers

231 3237 264 3276 so
288 3237 319 3276 er
339 3219 503 3277 unfdrmlich
522 3220 608 3278 wider
629 3221 706 3280 diese
719 3222 813 3282 Kunst
833 3223 937 3298 gethan
950 3222 1008 3280 hat.
1052 3221 1206 3298 strasburg
1221 3216 1313 3281 1520.
1326 3216 1357 3280 4.

186 3302 233 3367 Jo.
262 3300 363 3366 Ludw.
385 3304 487 3362 Hanu
497 3323 592 3363 eman
614 3306 839 3385 Vertheidigung
857 3309 908 3366 der
923 3304 1084 3382 Astrologie
1096 3340 1134 3350 -
1147 3307 1214 3366 dass
1226 3307 1274 3366 die
1288 3306 1358 3365 Chi·

228 3388 366 3447 romantie
387 3389 445 3447 und
473 3389 684 3470 Metoposcopie
705 3411 755 3450 aus
782 3394 833 3451 der
856 3390 950 3450 Natur
975 3393 1089 3450 hdnnen
1110 3391 1264 3471 behauptet
1285 3410 1357 3451 wer·

228 3474 294 3538 den.
337 3473 486 3551 Hamburg
507 3472 597 3540 1699.
621 3472 650 3540 4.
685 3481 922 3550 (Continuationes
941 3480 1017 3550 duas,
1039 3481 1152 3552 primam
1167 3482 1262 3535 eodem
1276 3499 1359 3550 anno,

230 3556 337 3608 elterem
355 3555 438 3608 serius
456 3556 553 3623 dedit.)

186 3629 287 3689 Claud.
310 3626 509 3687 Salmasius
525 3631 691 3706 (Saumaise)
712 3633 749 3690 de
771 3630 849 3690 annis
870 3628 1058 3690 climactericis
1077 3629 1241 3706 etantiqua
1261 3633 1359 3687 astro·

228 3713 306 3788 logia
327 3714 471 3774 diatribae.
512 3713 609 3792 Lugd.
632 3716 695 3778 Bet.
719 3711 812 3778 1648.
833 3712 863 3776 8.
895 3720 1019 3787 (vastum
1038 3737 1106 3789 opus
1129 3720 1235 3790 plenum
1260 3717 1357 3772 veriuo

230 3793 398 3858 eruditionis;
421 3794 460 3848 ita
482 3795 573 3848 Haller
592 3795 654 3852 bibl.
679 3798 745 3853 med.
770 3804 856 3868 praot.
881 3797 917 3852 11.
936 3795 1004 3862 5753
1035 3813 1119 3849 annus
1143 3793 1265 3850 editionis
1285 3794 1356 3850 1678

229 3861 267 3917 ibi
282 3860 411 3914 iudicatus
434 3864 601 3932 corrigendus
628 3864 744 3935 videtur,
770 3883 827 3919 curn
850 3865 880 3921 S.
902 3867 955 3935 jam
973 3882 1015 3920 ao.
1035 3864 1102 3918 1653
1120 3866 1188 3918 diem
1204 3880 1354 3935 supremum

230 3928 334 3995 obierit,
352 3947 436 3999 neque
453 3932 504 3985 hoc
522 3952 588 4004 opus
604 3934 673 3988 inter
691 3936 748 4004 ejus
765 3934 901 4005 posthuma
919 3933 1047 3988 numerari
1065 3933 1171 4002 soleat.)

185 4004 230 4065 Jc.
252 4003 392 4067 Bemhart
412 4004 591 4087 Quietorp
620 4027 716 4087 progr.
746 4009 776 4067 in
802 4028 859 4084 quo
882 4009 979 4087 paucis
1005 4008 1121 4087 exponit
1141 4013 1268 4066 veterum
1292 4003 1356 4085 phi·

227 4088 686 4235 losophopprp3et4astrologorum
711 4094 748 4153 de
768 4093 848 4152 amis
870 4092 1056 4152 climacterieis
1082 4092 1251 4172 opinionem.
1294 4091 1356 4152 Bo·

185 4174 351 4337 iollllhlph.
387 4218 578 4322 HM„
617 4262 753 4342 Beitrige
790 4281 842 4323 aur
872 4262 1074 4323 litterarischen
1105 4259 1275 4322 Gesahichte
1305 4260 1357 4330 der

227 4343 467 4408 Wiinsehelruthc.
511 4346 653 4410 Mdncben
678 4344 769 4413 1807.
786 4344 817 4410 4.
843 4354 915 4423 (cfr.
929 4353 1028 4408 Pierer
1047 4352 1163 4422 Aligem.
1182 4351 1280 4406 medic.
1301 4349 1356 4406 An·

228 4423 279 4482 nal.
302 4423 374 4483 1808.
392 4425 492 4483 8189
510 4430 566 4498 sq.)
692 4452 694 4456 ⁸
