2888 4958
509 307 632 371 scholae
650 314 681 369 et
706 308 822 390 oppida·
1210 303 1255 370 89

467 468 471 475 ’
500 457 563 516 15.
596 459 829 534 Altorflum.

78 566 127 631 Jo.
148 564 209 629 Iac.
230 562 342 624 Baier
361 562 546 642 biographiae
566 567 758 644 professorum
782 563 952 639 medicinae,
983 565 1032 643 qni
1056 567 1085 626 in
1110 565 1255 627 academia
1319 602 1331 623 ..

121 648 264 711 Altorfina
286 667 409 724 unquam
431 651 568 712 vixerunt.
592 650 771 727 Singulorum
794 669 859 709 aere
886 653 1022 730 expressis
1048 651 1174 711 iconibus
1200 651 1254 711 ad·

96 793 100 798 .
123 737 199 800 (litis,
233 731 363 796 Non’mb.
391 739 420 792 el
443 732 544 793 Allort'.
568 729 660 796 1728.
685 729 716 795 4.
752 733 829 816 (Nic.
857 739 1011 808 Taurellus‚
1040 741 1112 793 Phil.
1136 741 1253 809 Scherb,

125 817 190 870 Em.
204 816 299 880 Souer,
312 815 394 882 casp.
404 815 543 883 Holmnnn,
559 817 627 872 Gen.
642 814 777 883 Noessler,
795 815 863 871 Lod.
872 816 1055 886 Juugermann‚
1069 818 1156 872 Maur.
1171 816 1253 870 Holi-

125 903 212 950 mann,
230 883 315 954 Chplt.
338 883 454 950 Nicolai,
472 884 515 942 Jo.
530 885 651 937 Pancrat.
669 885 766 950 Bruno,
784 884 826 937 Jo.
840 883 926 940 Maur.
947 887 1095 955 Hoffmann,
1113 885 1156 940 Jo.
1180 885 1250 939 Lud.

125 954 211 1024 Apin,
228 954 271 1008 Jo.
282 953 341 1008 lac.
354 953 444 1019 Baier‚
466 954 548 1007 Laur.
568 953 685 1019 Heister,
703 953 744 1006 Jo.
768 954 949 1020 lamhuthe,
967 954 1009 1008 Jo.
1023 956 1106 1010 Heur.
1124 953 1252 1021 Schulz03

127 1023 200 1077 vitae
218 1021 299 1075 fusius
317 1029 456 1075 enarratae
473 1040 530 1076 cum
547 1022 667 1093 scriptor.
687 1023 894 1090 enumerations;
912 1023 984 1078 vitae
998 1027 1024 1081 J.
1037 1024 1074 1078 Μ.
1091 1023 1253 1091 nonnoni,
1356 1058 1359 1063 -

17 1113 21 1119 ·
87 1091 90 1096 ’
128 1090 219 1146 Baieri
235 1097 263 1144 et
278 1089 401 1143 Schulzei
420 1091 453 1144 ab
471 1091 510 1145 his
528 1090 592 1161 ipsis
609 1089 797 1163 conscriptae.)

84 1163 270 1244 (taphnan.
293 1162 356 1226 Jac.
382 1165 484 1242 Spies
510 1164 657 1239 catalogus
679 1164 905 1223 dissertationum
935 1164 1138 1241 inauguralium
1164 1164 1254 1224 medi·

129 1267 223 1308 carum
255 1248 414 1306 academiae
449 1245 621 1319 Altorfinae3
653 1268 716 1309 cum
744 1246 901 1328 appendice
928 1251 1153 1309 dissertationum
1180 1251 1254 1309 eius-

127 1335 193 1392 dem
224 1333 384 1408 argumenti
412 1333 465 1391 sub
498 1333 640 1412 praesidio
672 1332 830 1392 habitarum
861 1335 898 1393 ab
927 1335 1147 1411 inaugurationis
1177 1355 1253 1395 anno

128 1412 211 1477 1623
235 1418 273 1475 ad
301 1418 371 1476 haec
397 1437 489 1495 nsque
520 1426 650 1496 tempora
675 1420 866 1480 concinnatus.
909 1418 1012 1482 Altorf.
1043 1414 1135 1485 1797.
1157 1415 1189 1484 4.
1210 1455 1254 1466 -

118 1502 343 1584 supplementa:
368 1500 497 1563 Norimb.
521 1498 611 1567 1806.
635 1498 666 1563 4.

547 1652 612 1709 la.
651 1653 795 1711 otesca-

85 1775 155 1837 Em.
175 1771 250 1838 Lod.
272 1774 348 1833 Guil.
373 1771 488 1834 Nebel
509 1795 605 1855 progr.
626 1778 819 1856 professorum
839 1775 888 1853 qni
920 1775 1085 1836 medicinam
1115 1777 1144 1838 in
1172 1778 1255 1846 acad.

129 1859 273 1920 Giesscnsi
293 1861 451 1920 docuerunt
470 1867 652 1943 conspectum
672 1863 783 1923 sistens.
826 1860 919 1927 Giess.
938 1854 1032 1924 1802.
1053 1857 1084 1921 4.

532 2028 595 2085 lt.
629 2029 812 2086 Illum·

83 2150 131 2212 Jo.
153 2147 229 2220 Dan.
250 2148 366 2228 Major
389 2151 507 2211 historia
527 2155 673 2210 anatomes
698 2149 867 2209 Kiloniensis
892 2149 1008 2228 primae,
1037 2167 1100 2208 cum
1125 2149 1255 2226 catalogo

129 2235 297 2314 scriptorum
325 2237 481 2312 successive
507 2237 536 2295 in
567 2240 712 2314 posterum
741 2236 779 2294 ab
808 2239 922 2294 auctore
955 2235 1139 2297 edendorum.
1183 2235 1256 2294 Cum

130 2319 201 2396 figg.
222 2318 319 2382 Kilon.
349 2316 442 2384 1666.
466 2324 487 2381 l'.
519 2325 662 2393 (Continet
690 2323 810 2378 auctoris
835 2325 926 2378 studia
953 2323 1103 2378 anatomica
1124 2328 1153 2378 et
1181 2327 1255 2383 obss.

130 2407 202 2456 auat.
219 2399 279 2454 lude
296 2416 314 2454 a
331 2402 437 2455 condita
454 2401 588 2458 academia
604 2401 748 2456 Kiloniansi
765 2401 891 2472 incepta)

85 2504 131 2519 --
153 2500 201 2518 --
220 2474 354 2532 memoria
373 2476 472 2533 initiati
493 2475 568 2534 horti
594 2475 702 2534 medici.
730 2474 826 2538 Kilon.
855 2469 986 2539 16601.
1019 2476 1118 2548 (Simul
1139 2477 1175 2534 de
1195 2478 1257 2534 aliis

131 2569 236 2625 qaoque
250 2553 333 2609 hortis
348 2556 455 2611 medicis
473 2573 561 2611 eorum
579 2560 743 2626 temporum.)

550 2691 614 2749 10.
649 2695 796 2751 Italae.

87 2812 166 2875 Lot
187 2813 284 2875 Herm.
306 2814 556 2877 Friedlionder
576 2815 693 2874 historia
716 2814 822 2872 ordinis
847 2812 1017 2871 medicorum
1039 2810 1170 2871 Halensis
1191 2813 1258 2874 inde

131 2899 266 2978 aprimis
287 2900 346 2960 eius
368 2902 451 2960 initiis
477 2902 515 2961 ad
540 2919 644 2958 annum
669 2917 759 2974 usque
783 2895 947 2958 MDCCXL
972 2896 1093 2955 breviter
1118 2898 1259 2977 descripta
1331 2947 1334 2951 .

132 2990 163 3043 et
195 2985 369 3045 documentis
401 2986 510 3062 aliquot
539 2992 631 3046 aucta.
691 2983 758 3046 Hal.
795 2977 886 3042 1840.
918 2980 949 3043 4.
991 2979 1029 3056 (Α
1058 2987 1168 3039 condita
1197 3003 1259 3041 oea·

132 3063 217 3118 demis
233 3083 301 3119 auno
319 3066 387 3120 1694
404 3084 487 3136 usque
505 3067 539 3118 ad
557 3083 649 3118 annum
669 3064 750 3129 1740,
778 3063 874 3118 additis
896 3062 1031 3116 duodecim
1047 3063 1165 3132 epistolis
1183 3064 1259 3120 und.

133 3132 301 3272 fflffipl'
319 3134 354 3188 ad
378 3136 453 3192 Frid.
477 3135 661 3190 Hoffmannum
679 3146 706 3188 et
723 3132 839 3206 epistola
862 3132 896 3186 ad
921 3131 987 3189 Fac.
1010 3133 1077 3190 med.
1097 3150 1155 3187 curu
1173 3133 1258 3203 ejusd.

88 3275 198 3350 Georg.
223 3276 298 3341 Dan.
320 3276 527 3335 Coschwitz
555 3274 658 3334 theatri
679 3274 829 3351 ‚anatomici
845 3270 1005 3353 (Halensis)
1027 3274 1163 3336 natalitia.
1193 3274 1259 3333 Hal.

110 3352 228 3422 1718.
252 3354 282 3422 4.
309 3365 423 3433 (Auctor
443 3367 579 3418 theatrum
599 3365 776 3418 anatomicam
797 3364 917 3416 Helenae
940 3362 1063 3416 condidit
1085 3382 1154 3417 anno
1170 3363 1259 3430 1716.)

87 3442 162 3503 Karl
188 3444 285 3503 Heinr.
315 3446 459 3505 Dzondi
486 3447 573 3504 kurze
600 3446 767 3505 Geschichte
799 3445 850 3502 des
881 3444 1032 3502 kliuischen
1059 3443 1187 3502 Instituts
1213 3444 1262 3501 liu·

85 3569 88 3573 «
132 3527 361 3673 chiruriigssnd
381 3528 633 3608 hagenheilkunde
655 3531 710 3590 auf
728 3531 778 3589 der
802 3528 932 3588 Univers.
957 3527 1055 3589 Hallel
1080 3526 1121 3589 Μ.
1147 3521 1260 3608 3Kps.

131 3612 217 3671 Halle
323 3611 383 3674 .8.
1034 3662 1036 3667 ,

89 3696 182 3776 Chph.
209 3696 318 3757 Friedr.
339 3699 520 3759 Heselriel
546 3699 597 3758 das
629 3718 701 3759 neue
730 3696 863 3775 Hospital
897 3696 956 3753 und
993 3692 1198 3751 Kranlrenhaus
1225 3713 1263 3752 zu

132 3781 227 3855 Helle,
249 3782 277 3840 in
299 3786 390 3842 seiner
413 3784 610 3861 Begrirndung
632 3785 690 3843 und
711 3780 943 3860 gegenwiirtigen
963 3778 1146 3856 Verfassung.
1178 3779 1263 3839 Halle

134 3861 226 3926 1827.
249 3862 279 3929 8.
302 3873 454 3944 (Theologi
482 3874 602 3926 auctoris
622 3872 713 3943 opus.)

88 3946 163 4008 Karl
187 3949 294 4010 Friedr.
320 3955 429 4012 Senis
450 3955 520 4013 iiber
541 3956 594 4012 das
615 3951 790 4013 Verhiiltniss
812 3950 862 4007 der
883 3946 1059 4006 Hebammen
1080 3965 1145 4005 zum
1163 3946 1263 4005 Staate

131 4033 228 4178 iffi„
248 4035 324 4096 einer
359 4039 528 4098 Geschichte
563 4039 615 4098 des
643 4033 942 4117 Hebammeninstituts
976 4052 1013 4092 zu
1044 4031 1137 4092 Halle.
1179 4028 1264 4090 Halle

497 4253 561 4309 lu.
601 4253 857 4309 Vraticltwia·

79 4353 211 4416 Michael
230 4353 516 4433 Morgenbisser
539 4358 707 4417 Geschichte
733 4357 785 4415 des
812 4353 958 4433 Hospitals
989 4351 1048 4410 und
1078 4350 1129 4408 der
1145 4346 1265 4409 achate

130 4458 197 4501 zum
222 4440 288 4502 neit
311 4442 411 4526 Geist,
436 4463 469 4504 so
497 4445 550 4505 wie
578 4443 650 4505 auch
677 4443 728 4502 der
756 4440 915 4502 Bibliothek
942 4456 979 4498 zu
1010 4436 1054 4496 St
1080 4432 1264 4496 chhardiu.
1375 4515 1387 4530 .
