2888 4958
165 1153 236 1274 l.
289 1150 698 1270 Historia
731 1153 1198 1279 medicinae

409 1309 946 1432 universalis.

598 1543 764 1552 Μ

292 1650 371 1743 Α.
443 1648 670 1769 Opera
706 1651 1063 1773 ‘aragoniam

96 1836 151 1928 J0.
173 1870 238 1930 sos.
263 1871 417 1928 Bartsch
446 1872 563 1948 epistola
588 1873 624 1930 oe
646 1873 739 1930 sturio
764 1873 896 1932 historiae
918 1875 1042 1932 mensae
1059 1873 1186 1950 jucundo
1208 1893 1266 1934 non

139 1956 229 2012 minus
255 1974 288 2011 ac
312 1956 379 2012 utili.
422 1954 500 2033 Lips.
529 1951 618 2016 1757.
641 1953 671 2014 4.

96 2039 257 2115 Paradys
286 2041 375 2096 oratio
397 2041 437 2097 de
455 2043 615 2116 cognitione
640 2041 772 2098 historiae
794 2042 927 2112 medicae,
954 2061 1057 2116 magno
1080 2047 1140 2099 tum
1155 2045 1192 2101 ad
1207 2063 1265 2102 me-

139 2124 191 2182 dici
213 2125 240 2180 in
267 2132 326 2181 arte
349 2126 502 2182 exercenda
524 2126 683 2202 solertiam,
715 2131 774 2183 tum
796 2127 835 2183 ad
858 2127 925 2184 artis
945 2127 1189 2204 amplificationem
1215 2129 1268 2187 ad·

134 2209 272 2284 jumento,
316 2208 411 2284 Lugd.
434 2211 498 2268 But.
522 2207 612 2270 1800.
635 2207 664 2268 4.

94 2294 171 2370 Aug.
197 2294 284 2353 Ferd.
310 2295 567 2370 Brriiggemann
598 2296 663 2354 diss.
693 2295 786 2369 inaug.
817 2295 853 2351 de
883 2293 1021 2368 legendae
1048 2294 1182 2353 historiae
1207 2314 1268 2354 me·

139 2380 217 2437 dicae
246 2379 380 2451 utilitate,
414 2380 545 2438 historiae
574 2380 609 2438 de
635 2379 713 2437 Frid.
742 2379 907 2436 Hoffmanni
935 2378 1088 2437 medicinae
1114 2386 1267 2457 systemate

137 2465 314 2542 prodromus.
359 2465 452 2528 Berol.
475 2459 567 2527 1824.
590 2458 618 2522 8.

95 2549 179 2608 Ferd.
207 2548 282 2610 Guil.
304 2551 445 2607 Becker
468 2550 503 2608 de
523 2550 653 2606 historica
677 2548 829 2606 medicinae
854 2547 1037 2624 explicatione
1057 2548 1180 2625 prolusio
1201 2567 1266 2606 aca-

139 2633 256 2690 demica.
300 2635 391 2691 Berol.
421 2629 511 2696 1830.
538 2629 567 2694 8.
619 2646 785 2712 (Medicinae
803 2647 909 2697 sormam
933 2653 1056 2697 mutatam
1082 2664 1155 2711 esse,
1186 2653 1267 2715 prout

141 2713 351 2848 {glugrgghgnica
369 2715 410 2767 vel
429 2715 543 2767 chemica
567 2716 609 2768 vel
629 2715 754 2782 organica
773 2713 946 2766 consideratio
964 2714 1038 2782 apud.
1050 2715 1164 2766 medicos
1188 2731 1266 2784 prae·

98 2856 195 2914 Heinr.
223 2853 289 2911 Ant.
319 2853 474 2911 Stecher
495 2853 581 2912 Edler
602 2876 628 2912 v.
659 2855 834 2913 Sebenitz
866 2853 989 2911 Theorie
1020 2855 1070 2912 der
1099 2853 1267 2915 Geschichte

141 2941 191 2996 der
213 2936 419 2997 Arzneilrunde.
469 2936 586 3018 [Etiam
608 2959 663 2997 curn
689 2943 731 2996 tit.
754 2940 855 2996 latino:
880 2938 956 2999 Diss.
979 2939 1073 3015 inaug.
1097 2940 1133 2997 de
1159 2941 1267 3000 theoria

139 3024 271 3081 historiae
288 3021 465 3102 medicinae]
491 3024 573 3081 Wien
597 3020 687 3082 1831.
710 3019 739 3081 8.
784 3036 1050 3106 (Germanicalingua
1069 3037 1267 3109 conscriptum.)

97 3109 168 3167 Geo.
191 3107 260 3164 Phil.
283 3107 418 3185 Ludolph
440 3109 652 3166 Beckedorf
675 3108 740 3170 diss.
763 3110 856 3184 inaug.
882 3111 918 3167 de
939 3116 1015 3168 statu
1037 3112 1190 3169 medicinae
1214 3112 1267 3169 hu-

139 3195 260 3251 diernae.
305 3195 389 3270 Spec.
414 3192 455 3266 l.,
486 3195 631 3251 continens
657 3194 820 3250 methodum
845 3213 902 3268 qua
926 3197 1073 3253 tractanda
1094 3197 1130 3253 sit
1151 3196 1267 3255 historia

139 3284 229 3336 status
252 3278 405 3335 medicinae
426 3279 588 3354 praesentis.
634 3278 765 3354 Gotting.
791 3272 882 3336 1799.
905 3273 934 3336 4.

96 3361 197 3421 Ludw.
220 3363 401 3420 Choulant
422 3363 503 3421 Rede
524 3365 593 3421 iiber
618 3364 673 3421 den
696 3363 818 3420 Eiufluss
841 3365 891 3421 der
916 3362 1037 3422 Medicin
1060 3363 1114 3421 auf
1130 3363 1177 3419 die
1199 3361 1266 3420 Cul-

139 3455 186 3505 tur
207 3448 258 3530 des
277 3447 611 3522 Menschengeschlechts.
655 3445 753 3525 Leipz.
776 3443 867 3507 1824.
890 3443 919 3506 8.

96 3530 132 3591 L.
154 3533 186 3590 P.
212 3530 287 3608 Aug.
314 3532 493 3590 Gauthier
514 3534 551 3590 de
578 3530 733 3590 l’inflnence
755 3551 809 3608 que
831 3532 857 3590 la
879 3531 1023 3591 medecina
1045 3548 1062 3585 a
1083 3545 1197 3587 exerces
1218 3546 1266 3588 sur

139 3617 167 3674 la
189 3617 351 3675 civilisation
379 3627 406 3678 et
429 3617 470 3674 les
494 3618 615 3694 progres
642 3619 691 3676 des
713 3619 852 3695 scieuccs,
883 3617 1009 3674 discours
1041 3612 1078 3669 de
1112 3614 1265 3693 reception.

138 3700 221 3778 syon
245 3697 336 3760 raas.
359 3697 388 3760 s.

178 3866 259 3962 Β.
302 3867 666 4008 Producant
703 3883 987 3983 operosus
1016 3885 1179 3982 pro·

490 4005 866 4080 messorum.

95 4137 184 4197 chr.
212 4137 368 4198 Meibom
390 4141 427 4198 de
447 4140 618 4196 medicorum
639 4138 754 4196 historia
779 4136 929 4193 scribenda
948 4133 1065 4212 epistola
1080 4133 1119 4190 ad
1134 4130 1171 4190 G.
1186 4129 1263 4191 Hier.

138 4223 306 4282 Velschium.
335 4224 509 4283 Helmestad·
533 4219 625 4284 1669.
647 4217 677 4281 4·
721 4233 815 4298 (Pater
837 4231 951 4285 auctoris
974 4229 1015 4284 Jo.
1040 4228 1122 4282 Henr.
1151 4227 1265 4283 Meibom

138 4303 271 4358 historiam
288 4304 415 4357 medicam
433 4322 454 4360 s.
473 4305 505 4357 de
523 4303 629 4356 medicis
649 4309 676 4356 et
693 4302 732 4355 rei
749 4302 864 4355 medicae
882 4300 1054 4382 scriptoribus
1069 4299 1184 4382 scribere
1195 4298 1264 4382 apud

137 4389 166 4425 se
185 4373 365 4438 constituerat,
383 4379 465 4427 morte
482 4379 636 4443 praereptus
654 4371 787 4426 consilium
805 4372 857 4424 lilio
868 4370 982 4424 Henrico
996 4369 1109 4437 reliquit,
1127 4369 1264 4423 sedetiam

973 4455 1012 4516 1*
