2888 4958
137 277 201 346 208
431 271 438 280 ⁸
605 284 745 344 Medicina
769 286 889 365 publica.

180 437 464 515 Rettungsanstalten
491 439 538 497 fir
563 439 601 496 irn
634 440 747 498 Wasser
771 439 971 517 verungliiclrte
1003 438 1163 498 Menschen.
1202 437 1259 498 Μὴ
1284 435 1307 498 6

179 526 280 604 Kupff.
301 525 450 600 Hamburg
462 518 552 583 1794.
564 519 592 586 8.
609 557 649 568 -
670 525 763 583 Dritie
780 524 915 601 Aullage‚
944 524 993 582 mit
1013 526 1103 582 einem
1127 523 1305 600 Nachtrage,

179 612 298 671 welcher
326 611 371 668 die
399 612 453 666 seit
481 603 563 668 1794
587 610 764 684 gelroffenen
791 630 882 668 neuen
909 610 1131 686 Einrichtnngen
1160 611 1221 668 und
1249 608 1307 668 Er-

179 699 370 771 weiterungen
395 696 446 754 der
470 692 583 753 Austalt
602 695 718 756 enth'alt.
761 692 1023 771 Hambnrg1828.
1049 691 1080 754 8.

135 849 183 945 f.
240 845 667 944 Medicorum
682 851 859 969 juro
903 846 969 943 et
997 849 1306 944 homones.

474 1052 561 1118 aa.
616 1034 962 1120 Generatim.

138 1177 246 1254 Wolig.
283 1175 402 1233 Sallen
424 1175 460 1232 de
483 1176 546 1251 jure
581 1180 610 1233 et
642 1175 791 1252 privilegiis
822 1176 1001 1238 medicorum.
1048 1173 1133 1236 Basil.
1156 1167 1248 1232 1610.
1276 1167 1307 1230 4.

179 1263 266 1321 Redit
286 1266 316 1320 in
338 1261 470 1318 Genathii
499 1261 605 1318 collect.
628 1261 745 1339 disputt.
785 1262 939 1320 Basileensi
962 1255 1045 1320 1618
1071 1260 1140 1322 Dec.
1161 1259 1227 1330 lll.;
1253 1260 1308 1314 ite-

179 1367 237 1405 rum
271 1346 356 1408 Basil.
380 1342 471 1404 1669.
493 1341 522 1404 4.

137 1433 246 1509 Wolfg.
283 1432 399 1490 Fadlo
433 1432 469 1488 de
495 1430 558 1506 jure
583 1435 611 1488 et
644 1430 793 1508 privilegiis
817 1431 998 1492 medicorum.
1045 1427 1129 1490 Basil.
1151 1420 1243 1490 1618.
1271 1421 1304 1485 4.

180 1519 306 1577 Reddin
317 1516 448 1574 Genaihii
460 1517 567 1576 collect.
584 1517 700 1593 dispuit.
720 1516 804 1574 Basil.
830 1516 914 1577 Basil.
931 1511 1013 1575 1618
1025 1535 1066 1591 sq.
1080 1517 1099 1577 f.
1113 1513 1227 1572 Decede
1253 1511 1304 1573 lll.

137 1602 239 1662 Melch.
266 1602 425 1659 Goldast
449 1602 613 1678 paradoxon
639 1603 676 1658 de
706 1601 815 1660 honore
844 1602 1013 1660 medicorum
1039 1602 1077 1659 ad
1109 1600 1204 1658 Herm.
1227 1599 1308 1655 Con-

180 1689 254 1764 ring,
274 1689 302 1745 in
329 1707 385 1762 quo
408 1693 588 1764 praeceptum
614 1687 681 1744 Jesu
707 1686 740 1744 F.
762 1688 859 1762 Sipach
881 1687 1044 1765 explicatur.
1074 1685 1204 1743 Francos.
1227 1704 1252 1744 a.
1264 1683 1306 1741 M.

181 1769 273 1835 1670.
296 1768 324 1830 4·
344 1785 394 1851 (Ad
412 1785 496 1836 locum
513 1783 697 1837 Ecclesiastici
715 1803 739 1840 e.
758 1783 794 1837 38
811 1785 889 1836 multa
907 1783 1032 1836 historica
1049 1783 1195 1836 afferuntur
1212 1782 1245 1834 de
1259 1783 1306 1850 ju·

181 1855 253 1906 ribus
271 1863 299 1906 et
317 1853 456 1906 honoribus
474 1854 639 1920 medicorum,
659 1854 692 1906 de
708 1867 804 1917 semro,
824 1854 856 1905 de
874 1854 989 1920 collegiis
1007 1853 1163 1905 medicorum
1182 1853 1245 1906 etcl

138 1927 183 1989 Jo.
206 1927 305 2004 Steph.
331 1927 621 2002 Strobelberger
647 1928 683 1985 de
704 1928 852 2004 privilegiis
874 1929 1053 1986 medicorum.
1076 1925 1156 2002 Lips.
1169 1919 1261 1989 1627.
1272 1921 1305 1986 4.

138 2011 229 2071 Nicol.
253 2013 428 2070 Hobolren
450 2012 540 2069 oratio
563 2013 600 2069 de
621 2013 792 2071 medicorum
813 2012 969 2070 nobilitate.
1011 2011 1136 2086 Trajecti
1156 2011 1194 2069 ad
1213 2011 1307 2073 Rhen.

180 2093 271 2158 1670.
298 2092 525 2176 (16751683.)
546 2093 577 2156 4.

137 2184 183 2244 Jo.
215 2182 307 2241 Adam
334 2183 529 2241 Hofsteter
560 2183 597 2239 de
622 2201 731 2239 summa
758 2182 928 2240 medicorum
955 2181 1038 2256 hujus
1073 2187 1103 2239 et
1131 2179 1306 2257 superiorum

181 2275 338 2346 temporum
357 2268 525 2408 apploritate
549 2273 579 2324 et
608 2266 769 2325 excellentia
794 2287 810 2325 e
831 2267 894 2341 jure
916 2273 944 2324 et
965 2267 1080 2324 historia
1102 2266 1305 2324 demonstrata

178 2353 242 2410 Hal.
266 2347 356 2413 1703.
404 2394 411 2407 .

137 2438 248 2494 Sachs
272 2438 307 2495 de
329 2435 422 2492 allicio
444 2439 473 2493 et
494 2435 556 2510 jure
585 2435 765 2493 medicorum.
800 2431 917 2510 Argent.
940 2430 1031 2494 1706.
1051 2431 1082 2494 4.

138 2522 225 2580 Hem.
251 2521 384 2599 Lampe
406 2521 473 2580 diss.
496 2521 592 2578 histor.
616 2520 735 2594 juridica
759 2520 795 2575 de
822 2521 942 2595 honore,
970 2520 1118 2598 privilegiis
1144 2524 1174 2578 et
1195 2520 1306 2595 juribus

180 2607 367 2682 singularibus
389 2607 567 2668 medicorum.
591 2605 729 2680 Groning.
753 2599 846 2666 1736.
863 2601 893 2669 4,
916 2610 1055 2678 (Auctoris
1077 2609 1139 2662 lcti
1159 2627 1229 2680 opus
1258 2610 1306 2662 do-

180 2697 248 2742 ctum
266 2697 294 2740 et
314 2687 468 2757 copiosum.)
999 2739 1001 2743 ,

136 2762 175 2827 Η.
208 2763 234 2820 J.
262 2764 304 2820 de
327 2762 514 2819 Schoenon
533 2757 609 2833 justa
640 2758 784 2816 Themidis
811 2761 965 2839 sententia,
992 2759 1145 2818 medicinae
1172 2758 1306 2818 Ductori-

179 2850 232 2906 bus
258 2866 326 2926 prae
347 2846 493 2904 causidicis
524 2864 572 2901 seu
598 2844 740 2902 advocatis
768 2851 926 2920 competere
956 2847 1180 2922 praerogativam
1211 2845 1306 2920 digni-

178 2934 245 2991 tatis
268 2940 296 2992 et
315 2933 361 3008 jus
387 2930 608 3009 praecedentiae.
643 2929 774 2992 Francos.
798 2931 834 2986 ad
855 2929 950 2990 Moen.
978 2925 1071 2990 1750.
1093 2926 1120 2991 4Ι
1149 2940 1221 3009 (cfr.
1240 2944 1306 2999 Ant,

182 3015 254 3069 unia.
277 3015 359 3065 Plnr
377 3015 409 3064 de
416 3012 547 3062 medicina
556 3027 638 3076 supra
648 3011 889 3080 jurisprudentiom
900 3012 1074 3067 aestimando.
1093 3011 1168 3082 Lips.
1179 3010 1255 3066 1782.
1265 3013 1305 3077 4.)

136 3085 170 3147 0.
193 3086 228 3144 F.
252 3085 375 3143 Walch
401 3084 437 3140 de
458 3083 606 3161 privilegiis
633 3084 803 3142 medicorum
825 3085 992 3144 creditorum
1013 3085 1041 3143 in
1064 3103 1209 3148 concursu.
1240 3083 1304 3148 Jen.

180 3163 271 3230 1174.
294 3166 323 3226 4.
354 3171 429 3239 (icti
453 3171 631 3240 opusculum.)

134 3251 202 3314 Ant.
227 3253 300 3311 Guil.
325 3252 409 3310 Plaz
431 3253 469 3309 de
487 3252 595 3327 juribus
619 3253 789 3310 medicorum
811 3273 906 3331 progr.
948 3251 1026 3331 Lips.
1054 3248 1143 3314 1776.
1165 3247 1194 3310 4.

134 3341 181 3401 Jo.
198 3339 274 3398 Peir.
301 3337 419 3395 Frank
436 3337 472 3394 de
496 3338 561 3395 civis
582 3338 681 3395 medici
706 3338 734 3396 in
756 3339 897 3415 republica
919 3340 1080 3397 conditione
1099 3344 1184 3415 atque
1201 3337 1301 3396 officiis

177 3425 295 3500 exlege
316 3425 464 3501 praecipue
485 3423 578 3480 erulis.
604 3423 694 3481 Ticini
721 3418 811 3483 1785.
834 3421 880 3503 4.]

136 3512 201 3571 Car.
228 3511 348 3568 Godolr.
372 3511 413 3567 de
436 3508 600 3566 Winlrler
627 3527 724 3584 progr.
754 3509 791 3566 de
819 3510 915 3567 favore
941 3509 1113 3566 medicorum
1132 3506 1194 3583 jure
1215 3508 1303 3565 veteri

178 3616 212 3655 ac
236 3596 381 3654 hodierno.
407 3592 484 3671 Lips.
508 3588 642 3657 17864
667 3625 710 3636 -
736 3593 862 3651 German.
892 3613 958 3656 vers.
986 3596 1016 3651 in
1042 3594 1147 3652 Scherf
1172 3594 1304 3666 Beitriige

178 3703 241 3739 zum
268 3680 371 3740 Archiv
393 3682 443 3737 der
464 3679 536 3737 med.
561 3678 665 3736 Polizei
680 3699 707 3736 u.
722 3679 1008 3737 Volksarzneihunde.
1034 3674 1062 3738 3.
1074 3680 1128 3737 Bd.
1152 3675 1180 3737 1.
1193 3680 1303 3737 Samm-

177 3767 246 3842 lung
272 3767 303 3829 S.
332 3760 529 3824 llO—l29.
556 3768 630 3835 (lCti
651 3768 731 3820 docta
753 3769 962 3835 commentatio.)

136 3851 211 3912 Guil.
236 3852 390 3926 Wagner
414 3851 449 3907 de
474 3851 645 3909 medicorum
665 3850 773 3925 juribus
791 3857 878 3925 alque
900 3849 998 3907 officiis
1019 3852 1166 3906 tractatus.
1199 3846 1270 3904 Pars
1281 3846 1302 3904 l.

178 3936 341 4010 Disquisitio
367 3935 498 3992 historica
523 3937 559 3993 de
586 3936 755 3993 medicorum
781 3936 858 4013 apud
888 3936 1010 3992 diversas
1038 3939 1137 4008 gentes
1158 3937 1236 3990 statu
1262 3941 1305 3991 at-

179 4041 234 4097 que
256 4021 424 4079 conditione.
461 4020 553 4078 Berol.
577 4015 668 4078 1819.
690 4017 718 4079 4.
745 4025 933 4088 (continuatio
956 4041 1009 4075 non
1029 4023 1177 4091 prodiit.)·

135 4107 194 4171 Jac.
218 4106 440 4164 Thomasius
468 4108 504 4163 de
532 4105 666 4163 facultate
698 4107 806 4164 medica
832 4114 969 4181 quatenus
997 4105 1121 4179 gratiosa
1145 4109 1200 4164 est.
1231 4101 1304 4162 Diss.

177 4193 328 4270 posthuma
360 4210 426 4248 cura
461 4191 543 4249 Micb.
569 4191 721 4251 Alberti.
776 4192 956 4266 Schnecberg
989 4184 1082 4251 1733.
1117 4183 1242 4269 (1734.)
1275 4183 1303 4252 4.

134 4271 415 4409 Jo.(l>iu1llllh4lle
438 4346 553 4423 disquis.
580 4365 629 4404 eur
651 4346 721 4404 ordo
746 4346 916 4405 medicorum
939 4345 1078 4422 gratiosus
1100 4322 1219 4408 dicatur.
1245 4341 1304 4402 Lu·

178 4431 237 4488 bec.
258 4426 352 4492 1741.
379 4428 408 4493 4.
