2888 4958
533 297 673 359 Medicina
696 299 814 376 magica.
1197 292 1259 360 121

85 452 133 513 Ju
158 451 236 515 Rnd.
262 450 458 510 Salamaun
480 445 636 532 elvennensi
661 448 845 532 ὄπλιατρίας.
868 449 1005 520 Quaestio
1026 468 1064 510 an
1085 455 1261 526 unguentum
1353 464 1356 468 ·

131 536 291 612 numerianus,
316 536 395 613 quod
415 555 512 613 panno
532 536 624 596 solnm
649 535 780 612 gladiove
808 542 923 595 cruento
952 535 1049 595 illitum
1070 540 1100 593 et
1126 537 1261 595 concinne

132 622 306 701 applicatum
338 620 498 679 vulneribus
522 622 599 697 aegri
626 639 676 679 seu
709 622 864 699 praesentis
893 639 943 679 seu
963 621 1001 679 ad
1023 621 1112 679 multa
1135 620 1260 680 milliaria

133 706 259 766 absentis
280 705 418 763 medelam
440 706 541 764 afferat
562 705 732 767 naturaliter.
774 704 891 782 Argeut.
918 700 1009 764 1663.
1020 700 1051 769 4.

87 791 248 853 nouum
268 789 510 871 sympatbeticum.
532 788 660 854 Norimb.
683 784 774 848 1662.
798 788 829 850 4.
855 793 1063 863 (Collectanoa.)

300 958 350 1040 d·
401 955 654 1042 Plantae
678 962 736 1040 et
759 956 1053 1041 amimalia.

89 1095 138 1161 Jo.
160 1093 249 1159 Heus.
271 1094 441 1155 Heucber
460 1089 548 1179 (resp.
569 1095 615 1159 Jo.
635 1094 796 1176 Fabricius)
823 1096 889 1159 diss.
912 1098 949 1156 de
971 1094 1174 1174 vegetabilibus
1200 1114 1262 1156 ma-

135 1181 214 1257 gicis.
256 1180 352 1241 Viteb.
372 1175 464 1244 1766.
492 1177 522 1240 4.
555 1184 718 1257 (Generalis
741 1184 886 1252 continet.)

90 1264 172 1327 Frid.
194 1265 298 1324 Mena
322 1266 394 1342 disp.
421 1265 443 1324 1.
465 1266 502 1324 de
522 1265 635 1342 plantis,
658 1283 729 1341 quas
746 1265 783 1322 ad
800 1285 858 1323 rem
876 1264 1013 1340 mam‘cam
1036 1265 1128 1324 iacere
1152 1271 1260 1327 veteres

135 1350 324 1409 assideant.
367 1344 613 1427 Lips.1705.4.
640 1347 682 1426 (v.
699 1354 796 1406 usust
821 1355 895 1410 usur.
920 1355 979 1406 uos.
1008 1353 1045 1405 11.
1075 1353 1133 1421 aa.)

88 1433 195 1498 Jerem.
216 1434 298 1494 wolf
315 1433 470 1492 Monrad
502 1435 539 1492 de
567 1435 690 1493 verbena
713 1434 831 1511 ejusque
851 1454 904 1493 usu
924 1434 953 1493 iu
979 1435 1063 1492 samis
1087 1440 1117 1494 et
1137 1436 1262 1497 incanta·

134 1519 258 1577 tionibus
278 1525 413 1581 veterum.
455 1518 544 1581 Hafn.
566 1514 657 1581 1751.
679 1515 709 1582 4.

89 1600 127 1666 L.
156 1603 304 1662 Stranss
328 1604 366 1662 de
387 1622 442 1661 ovo
467 1603 542 1679 galli.
586 1603 677 1667 Giess.
703 1598 796 1664 1669.
816 1598 848 1664 4.

89 1686 172 1746 Frisl
199 1686 372 1747 Madewis
392 1687 566 1761 (Madeweis)
594 1689 631 1747 de
657 1687 785 1747 basilisco
810 1707 846 1746 ex
871 1707 927 1746 ovo
952 1686 1019 1763 galli
1048 1687 1182 1766 decrepiti
1206 1689 1263 1748 ori·

136 1771 223 1831 undo.
280 1773 344 1835 Jen.
371 1767 504 1838 16714.
544 1778 659 1846 (Eadem
679 1776 873 1847 scriptiuncula
902 1777 965 1833 eod.
987 1776 1048 1830 loco
1074 1783 1103 1830 et
1126 1795 1194 1831 auno
1216 1779 1262 1836 Jo.

136 1851 257 1906 Dbllenio
274 1854 454 1921 adscribitur.)

92 1925 242 1985 Eberhard
265 1926 426 1986 Goeclrel
445 1927 495 1986 der
512 1925 687 2003 eierlegende
704 1926 789 1984 Habn
801 1931 903 1985 sammt
917 1926 1022 1984 seiuem
1037 1924 1264 1990 ambulen-Et

136 2009 203 2070 Ulm
225 2005 317 2077 1697.
339 2008 371 2072 8.
397 2016 544 2086 (Ulmansis
573 2015 671 2068 medici
690 2015 781 2085 opus.)

314 2197 360 2263 e·
411 2178 603 2265 Morbo·
625 2184 683 2264 ct
707 2175 1046 2262 curationes.

91 2315 194 2380 Franc.
205 2316 288 2376 Joel
309 2319 346 2377 de
360 2319 465 2378 morbis
481 2318 691 2397 hyperpbysicis
706 2325 734 2376 et
745 2316 828 2376 rebus
837 2315 961 2393 magicis.
980 2307 1264 2380 Rostoch.1580.8.

139 2396 331 2462 (ctr.11sut›er
348 2400 465 2456 biblioth.
484 2416 552 2469 mag.
570 2398 605 2456 X.
622 2398 674 2454 683
692 2399 745 2468 sq.)

93 2467 201 2533 Aulon.
224 2470 390 2549 Deusing
411 2473 528 2549 disquis.
555 2473 628 2535 med.
647 2473 684 2531 dc
699 2471 861 2529 morborum
877 2468 1054 2545 quorundam
1072 2466 1266 2547 superstitiosa

139 2555 248 2631 origiue
272 2562 324 2616 etc
369 2558 507 2633 Grouing.
531 2552 622 2616 1656.
637 2552 667 2615 4.
685 2589 733 2600 -
746 2554 880 2613 Reddin
901 2553 999 2629 Ejusd.
1024 2553 1119 2616 fascic.
1142 2554 1266 2612 disserti.

139 2639 234 2704 select
256 2641 323 2704 ibid.
350 2636 589 2714 1660.12.;ib.
613 2637 706 2701 1664.
731 2635 780 2699 12.

95 2723 298 2867 Εοῖὸέἔοκς.
325 2726 456 2787 Wedel
480 2727 565 2806 (resp.
589 2723 624 2783 F.
646 2722 809 2800 Kiseberg)
829 2722 867 2780 de
891 2719 995 2779 morbis
1015 2738 1034 2778 a
1054 2719 1171 2779 lasciuo.
1200 2715 1266 2778 Jen.

94 2891 244 2953 Eberhard
269 2893 429 2954 Goeclrel
450 2895 563 2954 Bericbt
583 2912 641 2952 von
657 2893 721 2951 dem
739 2890 916 2966 Beschreyen
936 2886 995 2946 und
1015 2886 1179 2946 Bezanbem
1195 2886 1268 2946 auch

139 2977 233 3036 denen
255 2979 356 3050 durans
380 2982 584 3039 eutstandeneu
608 2977 810 3036 Kraulrheiten.
830 2971 929 3051 Leipz.
941 2967 1033 3031 1699.
1047 2966 1077 3030 8.
1089 3004 1131 3015 -
1142 2972 1168 3031 E
1173 2971 1267 3048 jusd.

138 3068 276 3122 tractatus
299 3064 512 3143 polyhistoricus
533 3065 658 3139 magicus
672 3061 794 3122 medicus
811 3059 944 3118 curiosus.
987 3056 1118 3116 Francos.
1134 3051 1225 3118 1717.
1236 3051 1267 3114 8.

96 3145 139 3208 Μ.
163 3145 201 3208 D.
228 3148 265 3208 H.
287 3147 322 3207 L.
343 3149 463 3209 Tractat
487 3169 543 3208 von
562 3148 773 3224 magnetiscbeu
799 3144 859 3204 und
885 3141 1139 3222 sympathetischen
1165 3142 1268 3204 Curen.

98 3315 207 3377 Girutb.
233 3317 325 3397 Cbpb.
360 3318 630 3378 Scbelbammcr
665 3314 753 3396 (resp.
780 3314 815 3377 C.
837 3311 878 3374 M.
903 3311 1061 3390 Burcbard)
1097 3313 1136 3370 de
1165 3308 1271 3369 morbis

140 3403 264 3477 magicis.
306 3402 402 3468 Kilon.
430 3397 520 3466 1704.
544 3397 575 3461 4.

97 3484 192 3547 Adam
213 3487 373 3547 Brendel
397 3489 469 3566 disp.
497 3489 533 3546 de
555 3486 698 3544 curatione
718 3483 881 3542 morborum
904 3499 957 3561 per
981 3479 1102 3540 carmina
1121 3481 1151 3536 et
1171 3479 1270 3534 cautru

140 3572 269 3630 musicos.
313 3572 408 3633 Viteb.
432 3567 525 3634 1766.
547 3566 577 3633 4.

98 3654 124 3719 J.
145 3655 179 3720 C.
201 3657 391 3736 Westphal
416 3656 580 3736 pathologia
601 3653 789 3716 daemoniaca.
832 3649 910 3729 Lips.
933 3642 1026 3709 1707.
1052 3639 1083 3710 4.
1169 3726 1176 3742 .
1205 3726 1212 3741 .

100 3739 173 3801 Gen.
195 3741 262 3800 Chr.
284 3739 360 3805 Lud.
382 3741 525 3802 Welsch
552 3741 589 3799 de
610 3739 803 3817 superstitiosa
831 3733 992 3794 morborum
1019 3749 1085 3789 cura
1111 3726 1270 3786 cumbam

140 3829 229 3901 atque
255 3826 416 3903 dogmatico
439 3826 547 3885 medico
568 3825 693 3900 indigua.
737 3822 815 3900 Lips.
838 3812 929 3881 1710.
950 3812 980 3875 4.

99 3908 144 3970 Jo.
170 3911 301 3975 Ebrenfr.
331 3911 420 3972 Pohl
441 3913 529 3992 (resp.
554 3909 600 3972 Jo.
618 3908 795 3986 Gluiauke)
820 3906 857 3963 de
878 3901 986 3960 medico
1004 3897 1150 3960 exorcista.
1192 3894 1271 3975 Lips.

99 4095 187 4162 Marc.
209 4094 276 4157 Ant.
302 4094 496 4157 Allemand
516 4096 624 4156 notices
646 4112 695 4152 sur
715 4088 851 4167 quelques
870 4086 1067 4166 superstitious
1092 4088 1121 4143 et
1147 4080 1273 4139 ceremo-

142 4183 204 4243 uies
222 4202 258 4242 en
274 4201 363 4260 usage
380 4183 449 4242 chen
465 4182 507 4242 les
518 4183 630 4242 anciens
641 4180 712 4236 dans
724 4174 789 4234 l'art
803 4175 840 4232 de
850 4173 953 4249 goerir.
978 4166 1116 4230 Marseille
1132 4159 1226 4265 1820.
1241 4160 1272 4223 8.

101 4264 195 4344 (Jaoq.
229 4267 304 4346 Aug.
338 4269 406 4332 Sim.
433 4267 557 4327 Collin
582 4267 619 4324 de
643 4261 758 4338 l'laucy)
788 4259 929 4316 Histoires
955 4258 1006 4315 des
1037 4252 1273 4313 convulsrouarres

142 4354 183 4412 du
214 4348 265 4414 18.
295 4353 379 4412 siecle
409 4357 438 4411 et
467 4355 518 4412 des
550 4348 675 4410 miracles
703 4345 743 4403 du
768 4344 861 4402 diacre
887 4340 974 4406 Paris.
1024 4337 1104 4399 Paris
1125 4328 1217 4395 1821.
1242 4326 1272 4399 8.

143 4431 246 4504 (Etiam
257 4432 284 4488 iu
302 4433 490 4490 victimarius
507 4435 552 4488 des
569 4433 724 4501 reliquisset
742 4428 864 4498 irroges.)
