2888 4958
632 258 822 343 Pbysiologia.
1249 257 1307 325 151

178 406 233 471 mis
252 409 405 486 Belgarum
430 410 533 473 meritis
563 413 590 472 iu
620 413 819 492 pbaeuomenis
841 420 871 473 et
895 415 1041 475 effectibus
1066 414 1209 492 principii,
1230 412 1309 490 quod

178 497 266 554 vitum
299 496 444 554 animalem
476 497 634 575 constituit,
666 499 834 576 indagandis
865 506 893 557 et
922 501 960 557 ad
980 506 1085 559 statum
1106 500 1233 578 corporis
1256 498 1309 556 bu-

179 581 255 639 mani
275 599 376 639 sanum
405 587 434 638 et
454 582 615 641 morbosum
642 583 824 661 applicandis.
856 583 996 660 Grouing.
1022 578 1114 644 1781.
1136 581 1167 644 4.

137 664 268 724 Benard
292 664 393 728 Frauc.
421 666 591 724 Suerman
618 669 708 725 oratio
734 669 772 726 de
799 669 844 743 iis,
867 687 940 744 quae
965 688 1027 726 curu
1048 672 1157 727 veteres
1180 672 1241 726 tum
1263 687 1309 726 re-

180 750 330 821 centiores,
355 750 486 828 imprimis
511 751 612 809 Batavi
632 759 661 811 et
680 753 813 811 Germani
839 753 876 811 da
896 754 970 811 vitae
996 771 1148 830 corporeae
1171 752 1307 830 principio

180 834 372 912 philosophati
393 841 467 892 sunt
493 834 599 894 Habita
620 838 649 896 d.
673 833 721 897 10.
742 837 828 896 Junii.
852 832 1145 896 Harderovici1810.
1169 840 1222 907 (ΑΙ)
1238 840 1308 911 Hip»

182 925 294 985 pocrutc
315 916 449 984 usquead
467 917 613 970 recentiora
630 922 770 987 tempora.)

139 986 326 1132 1101ῒᾷ9ῐᾷωὲ
349 989 607 1048 Zimmermauu
629 991 774 1049 doctrinae
800 992 837 1049 de
862 990 954 1049 solido
982 991 1046 1049 vivo
1075 989 1208 1066 origines.
1241 987 1306 1047 Hal.

140 1156 208 1215 Ero.
229 1155 353 1214 Godofr.
374 1155 576 1232 Baldinger
601 1159 637 1215 de
662 1158 780 1235 vestigio
795 1159 986 1216 irritabilitatis
1004 1156 1182 1218 Hallerianae
1198 1157 1226 1214 in
1245 1175 1307 1214 mo·

181 1241 311 1299 nimeutis
333 1247 467 1304 veterum.
511 1242 640 1317 Gotting.
666 1237 756 1304 1775.
766 1238 797 1303 4.
813 1275 855 1286 -
868 1243 1013 1322 Supplem.
1032 1244 1068 1305 ib.
1082 1236 1173 1302 1718.
1190 1238 1221 1303 4.
1249 1239 1307 1298 Re-

181 1345 232 1383 cns.
254 1328 286 1385 in
313 1325 413 1400 Ejusd.
436 1344 547 1403 opuscc.
569 1328 663 1385 medd.

141 1407 213 1486 Aug.
240 1409 306 1467 Glo.
335 1409 464 1468 Weber
489 1412 686 1470 commentatio
712 1411 749 1469 de
774 1411 856 1469 initiis
881 1429 915 1469 ac
942 1411 1137 1488 progressibus
1165 1408 1308 1467 doctrinae

180 1494 379 1556 irritabilitatis.
412 1495 483 1552 Cum
510 1497 625 1554 historia
654 1495 840 1554 sensibilitatis
863 1502 950 1570 atque
973 1495 1163 1553 irritabilitatis
1188 1493 1308 1575 partium

180 1577 337 1642 morbosae.
380 1579 446 1641 Hal.
472 1573 563 1642 1783.
589 1575 619 1638 8.
643 1584 778 1655 (Copiosa
799 1594 828 1637 et
849 1587 922 1637 bonu
943 1584 1097 1654 disquisitio
1120 1586 1153 1636 ab
1176 1581 1308 1652 antiquis-

181 1658 251 1712 simis
271 1659 430 1730 temporibus
448 1677 529 1729 usque
547 1660 581 1714 ad
598 1661 745 1727 Hellerum3
766 1661 816 1714 120
834 1668 862 1714 et
879 1663 929 1714 100
946 1661 1036 1730 pagg.)

142 1731 204 1790 Car.
226 1732 357 1810 Tbeopb.
379 1733 467 1796 Henr.
490 1733 566 1792 Frid.
592 1733 704 1811 Bursy
728 1734 982 1793 animadversiones
1003 1731 1260 1790 historico-criticae
1279 1730 1308 1788 in

181 1817 339 1874 doctrinam
358 1819 395 1875 de
414 1835 561 1897 consensu,
578 1819 774 1895 antagonismo
795 1826 825 1878 et
839 1819 1013 1895 antenergia,
1032 1818 1098 1878 diss.
1117 1817 1210 1892 inaug.
1233 1815 1308 1873 Dor-

180 1895 405 1981 mnne

497 2067 574 2134 oo·
628 2050 952 2138 Generatto.

143 2205 232 2284 Cbpb.
257 2204 395 2282 Polycarp
418 2206 646 2282 Schueegass
667 2207 737 2265 tter
764 2208 810 2265 die
831 2207 1006 2282 Erzeugung
1030 2205 1100 2263 oder
1126 2199 1308 2276 Auszilrluug

181 2291 241 2348 und
262 2290 464 2365 Beurtbeilung
488 2291 557 2349 aller
578 2291 735 2366 bisberigeu
758 2291 1064 2367 Zeugungstheorieen.
1089 2288 1161 2347 Jeua
1173 2281 1264 2349 1802.
1276 2282 1306 2344 8.

141 2374 182 2433 Jo.
208 2375 275 2432 Cbr.
297 2376 411 2433 Bauer
433 2377 498 2433 diss.
519 2376 613 2450 inaug.
636 2377 736 2434 sistens
757 2395 871 2435 eramen
893 2376 1016 2433 criticum
1042 2373 1179 2431 turiurum
1199 2373 1306 2450 opinio-

179 2479 247 2518 num
268 2459 305 2518 de
326 2461 520 2535 procreatione
541 2460 666 2518 hominis.
699 2460 814 2536 Erlang.
841 2456 932 2519 1805.
954 2454 983 2522 8.

141 2541 238 2602 Daniel
259 2540 445 2602 Newcomb
468 2545 535 2603 diss.
558 2564 595 2601 on
612 2546 661 2603 tbe
685 2545 816 2604 different
839 2545 960 2604 theories
984 2543 1047 2601 that
1066 2542 1139 2599 bave
1158 2539 1230 2598 been
1255 2539 1307 2596 ad-

179 2629 288 2686 ranced
313 2647 350 2685 on
376 2629 424 2686 the
448 2628 557 2702 subject
578 2631 612 2686 of
634 2629 682 2686 the
706 2630 862 2705 proximate
881 2647 964 2687 cause
982 2628 1016 2685 of
1030 2627 1195 2702 conception
1212 2625 1240 2682 iu
1258 2624 1307 2680 the

179 2712 284 2771 human
305 2713 413 2776 female.
457 2713 650 2791 Philadelphia
672 2707 764 2773 1800.
786 2709 815 2772 8.
838 2718 884 2786 (V.
902 2735 985 2788 supra
1000 2733 1063 2786 pag·
1083 2715 1143 2782 130,
1160 2713 1304 2777 Beseclre.)

402 2863 491 2943 dd·
547 2863 1033 2966 Temperamenta.

138 2999 219 3060 ltlicb.
241 2995 385 3058 Alberti
408 3002 445 3059 de
477 3001 541 3060 fatis
570 3001 714 3059 doctrinae
741 3007 1023 3079 temperamentorum
1050 2997 1169 3079 epistola
1198 2997 1235 3055 ad
1258 2996 1304 3054 Jo.

176 3083 267 3144 Andr.
290 3085 404 3144 Wendt.
435 3085 500 3144 Hal.
523 3078 615 3144 1712.
636 3082 665 3143 4.

137 3169 154 3227 J
163 3215 172 3233 .
184 3213 211 3233 ..
237 3168 323 3228 L...
348 3169 376 3228 T
383 3169 540 3230 uinbout
564 3189 626 3228 cum
646 3173 771 3227 veterum
792 3173 854 3227 tum
879 3168 1031 3228 recentium
1049 3169 1085 3226 de
1101 3172 1305 3246 temperamen-

176 3254 396 3314 tis-sententiae.
440 3254 577 3329 Grouing.
597 3247 692 3314 1813.
717 3248 748 3311 4.

344 3419 424 3486 ee.
478 3401 758 3486 ctu-emtus
793 3399 1096 3506 sanguinis·

136 3541 238 3602 Tbom.
260 3540 453 3599 Bartholiu
475 3542 512 3600 de
536 3542 621 3599 corde
646 3540 723 3618 apud
744 3544 861 3602 veteres.
891 3540 977 3598 Hasn.
994 3532 1086 3600 1648.
1105 3531 1134 3594 8.
1154 3568 1198 3578 -
1217 3534 1305 3592 Redit

175 3630 206 3686 in
227 3625 327 3701 Ejusd.
354 3632 437 3687 oratt.
459 3644 519 3687 rar.
539 3644 649 3701 argum.
680 3625 768 3687 Hafn.
791 3619 883 3687 1608.
905 3619 936 3686 8.

136 3711 198 3770 Car.
228 3710 334 3769 Patiu
370 3710 577 3769 circulationem
609 3709 754 3785 sanguinis
784 3708 923 3767 veteribus
950 3710 1047 3765 uotam
1075 3703 1168 3761 inisse.
1204 3701 1301 3763 Patav.

177 3790 269 3854 1685.
295 3790 325 3857 4.

134 3878 260 3939 Barthol.
283 3878 444 3937 Graecus
468 3874 1030 3957 Hippocratico-Galenus-neoterium
1052 3872 1161 3931 animae
1181 3875 1303 3946 systema

175 3965 212 4022 de
237 3964 342 4023 cruoris
369 3969 500 4022 anatome
527 3969 556 4022 et
586 3962 726 4040 febribus,
758 3961 786 4019 in
816 3979 873 4035 quo
900 3960 1072 4029 ostenditur,
1098 3955 1302 4015 circulationem

173 4048 317 4125 sanguinis
344 4047 466 4125 antiquis
494 4067 586 4125 aeque
611 4066 644 4107 ac
668 4043 866 4106 recentioribus
893 4051 989 4103 notam
1015 4042 1146 4103 extitisse.
1188 4037 1301 4100 Mediol.

174 4127 267 4194 1107.
290 4127 320 4192 8.

135 4213 215 4277 Laur.
237 4216 389 4276 Heister
409 4236 506 4294 progr.
532 4236 589 4293 quo
614 4215 761 4291 inquiritur
789 4231 825 4271 au
851 4212 992 4289 sanguinis
1023 4209 1139 4269 circulus
1163 4207 1302 4266 veteribus

172 4303 258 4362 suerit
281 4302 450 4378 incognitus.
493 4293 708 4362 1110111714.
729 4292 776 4369 4.;
815 4297 972 4355 Helmstad.
999 4291 1091 4355 1721.
1112 4288 1142 4356 4.
1176 4297 1302 4365 (Negat.)

137 4383 197 4452 Cbr.
221 4387 344 4446 Godofr.
373 4388 542 4446 Stentzel
575 4381 663 4477 (resp.
694 4383 760 4445 Car.
787 4381 918 4460 Tbeopb.
940 4379 1157 4455 Porschberger)
1192 4378 1229 4437 de
1253 4395 1303 4435 ve·
