2888 4958
522 278 779 360 opnoarmaaro.
1170 275 1232 341 189

110 443 140 497 et
160 455 208 495 aur
227 435 269 494 les
290 434 396 512 pierrea
408 434 556 510 antiques,
578 435 628 510 qui
652 435 791 493 rervaient
813 433 849 491 de
877 432 989 493 cacheto
1014 451 1068 493 aux
1090 436 1231 495 me'decins

109 523 249 585 oculistea.
282 520 359 578 Paris
383 514 474 582 1816.
502 513 532 577 4.
568 517 633 577 Cum
654 515 675 578 3
700 521 771 578 raon
792 537 849 581 aar.
868 521 959 596 pictis.

63 708 157 803 d.
220 703 813 824 opornormrotmoe
851 704 1203 826 reqionum

413 839 853 960 rimamarum.

17 1003 22 1012 ¹
60 1030 175 1088 Friedr.
195 1025 269 1105 Aug.
296 1026 437 1088 Ammon
463 1031 548 1088 kurze
569 1029 737 1087 Geschichte
759 1031 810 1087 der
828 1027 1078 1104 Augenheilkunde
1095 1030 1123 1087 in
1144 1028 1233 1087 Sach-

106 1134 168 1177 sen.
184 1113 320 1262 ‘Lpipzig
348 1110 440 1173 1824.
464 1111 493 1178 8,
532 1120 611 1187 (Cum
634 1120 713 1171 icone
734 1119 845 1188 lithogr.
867 1119 1074 1189 typhlotrophei
1098 1119 1233 1171 Dreadani

107 1205 215 1249 veteru.

463 1338 516 1409 e.
587 1312 835 1436 diptica.

60 1482 264 1541 Giambattista
284 1483 436 1543 Venturi
468 1485 648 1542 commentari
678 1504 764 1562 sopra
795 1484 822 1542 la
850 1484 937 1542 storia
964 1503 980 1543 c
1003 1483 1029 1542 le
1055 1484 1143 1543 teoria
1169 1484 1231 1543 dell’

109 1569 202 1626 ottiuu.
245 1568 376 1643 Boiogna
397 1566 490 1633 1815.
511 1565 542 1628 4.
567 1567 632 1627 Cum
658 1569 690 1628 X
710 1572 779 1627 tabo.
802 1590 860 1627 aen.

59 1653 141 1712 Emit
165 1651 283 1710 Wildc
312 1654 479 1713 Geschichte
509 1657 559 1712 der
584 1656 673 1732 Optik
699 1676 763 1712 vom
793 1656 961 1730 Ursprunge
989 1654 1079 1711 dieser
1106 1653 1232 1712 Wissen-

108 1737 201 1795 schatt
222 1738 263 1794 bis
286 1741 339 1795 anf
353 1741 399 1797 die
421 1742 629 1816 gegeuwiirtige
646 1742 718 1799 Zeit.
745 1735 772 1800 l.
785 1740 876 1798 Theil.
923 1739 985 1796 Von
1005 1738 1169 1796 Aristotelea
1191 1739 1233 1797 bis

106 1820 241 1881 Newion.
284 1824 379 1882 Berlin
405 1820 498 1886 1838.
523 1820 551 1883 8.
581 1838 678 1902 (Antea
697 1837 830 1890 ediderat:
854 1838 935 1888 Uetcr
952 1836 1233 1905 dieOptikdchria-

108 1904 182 1958 cheu.
218 1903 305 1957 Berlin
325 1905 398 1961 1832.
417 1908 455 1972 4.)

60 1976 110 2036 Jo.
132 1973 207 2052 Aug.
229 1977 337 2037 Friedr.
361 1979 501 2036 Arnoid
526 1979 572 2035 die
592 1997 713 2036 neueren
734 1977 931 2051 Erfindrmgen
953 1976 1011 2032 und
1028 1976 1234 2034 Verbesserun-

108 2081 164 2138 gen
186 2063 214 2118 in
236 2062 348 2120 Betreff
369 2065 419 2121 der
440 2062 583 2140 optischeu
604 2061 798 2137 Instrumenta,
818 2061 857 2118 als
880 2062 930 2117 der
946 2060 1160 2118 verschiedeueu
1178 2059 1233 2119 Ar-

106 2154 156 2205 ten
178 2147 318 2223 optischer
341 2149 399 2206 und
428 2147 644 2224 periscopischer
664 2145 763 2204 Gliser
785 2167 812 2204 u.
833 2164 855 2204 s.
877 2165 912 2205 w.
948 2145 1007 2202 Fiir
1033 2143 1232 2219 Astronomen,

106 2228 335 2308 Naturforscher‚
357 2233 530 2308 Vertertiger
554 2231 696 2310 optischer
717 2232 903 2290 instrumente
918 2231 976 2288 und
990 2228 1150 2288 Kaufleute.
1179 2228 1233 2288 Mit

107 2310 130 2373 4
152 2315 362 2393 Abbildungeu.
406 2317 602 2393 Quediinburg
628 2312 718 2376 1833.
740 2312 770 2376 8.

196 2500 243 2595 f.
305 2499 746 2620 operationes
778 2498 1101 2619 muffulae.

274 2719 361 2784 aa·
424 2704 644 2787 Fistula
682 2698 1024 2804 lacrymulis·

66 2854 102 2915 E.
122 2855 322 2918 G.'Schnbe
345 2857 410 2914 diss.
440 2859 477 2915 de
498 2858 613 2915 diversio
640 2875 713 2933 quae
740 2857 921 2913 innotuerunt
945 2851 1056 2910 fistulae
1079 2850 1233 2929 lacrymulis

108 2943 249 3002 curandae
271 2943 417 3006 methodis.
461 2943 584 3020 Trajecti
605 2943 642 3017 ad
670 2943 765 3001 Viadr.
792 2935 885 2999 1803.
910 2932 941 2996 8.

223 3096 311 3179 ou·
363 3090 731 3190 §conflentio
769 3092 1077 3175 oculorum·

68 3246 112 3312 Jo.
124 3249 162 3310 H.
175 3249 263 3307 Ham
273 3270 316 3327 pe
336 3252 372 3308 de
383 3252 584 3310 scarificatione
597 3248 700 3308 oculari
711 3246 917 3324 Hippocratica.
939 3243 1084 3318 Duisburg
1098 3236 1190 3304 1721.
1202 3238 1232 3301 4.

70 3331 194 3392 Burcard
216 3332 288 3392 Dav.
311 3336 504 3395 Manchard
526 3328 758 3412 ὄφθαλμόξυσις
779 3332 952 3405 novantiqua
975 3347 999 3390 a.
1018 3328 1233 3386 Wooihusiauo-

109 3420 311 3497 Hippocratica
333 3423 468 3496 operatio
509 3423 646 3517 'Tubingn
676 3412 768 3477 1726.
794 3413 823 3478 4.
858 3422 931 3488 (cfr.
952 3419 978 3471 J.
1005 3418 1088 3469 Zach.
1120 3416 1232 3469 Platnar

71 3497 872 3637 Dairpuidiihlddilierdegdiidiioopddcdcdritiddtione
896 3573 925 3624 et
948 3564 1059 3623 ustione
1089 3562 1232 3619 oculorum

110 3659 188 3736 apud
210 3659 421 3736 Hippocratem.
456 3661 549 3722 Viteb.
572 3653 662 3719 1754.
690 3654 721 3717 4.
753 3688 793 3699 -α
816 3652 943 3728 Ejusd.
968 3652 1004 3707 de
1025 3646 1232 3704 scarificationis

112 3742 255 3801 oculorum
277 3744 400 3819 historia,
422 3747 588 3821 antiquitate
613 3750 642 3802 et
664 3741 779 3817 origine.
802 3738 893 3796 Viteb.
917 3729 1007 3794 1754.
1028 3726 1058 3788 4.
1080 3765 1122 3774 -
1148 3729 1232 3789 Utru-

111 3847 159 3905 que
181 3827 254 3886 redit
264 3832 367 3885 aridior
377 3832 407 3886 in
423 3830 522 3904 Ejusd.
538 3848 650 3907 opuscc.
672 3827 737 3887 Voi.
752 3824 773 3886 Ι.
789 3844 816 3901 p.
839 3813 1017 3879 463-496.
1037 3827 1088 3894 (Ad
1103 3827 1184 3899 Hipp.
1200 3829 1233 3880 da

111 3908 186 3971 visu,
215 3910 256 3962 ed.
276 3910 353 3961 ltrihn
372 3911 419 3963 ill.
446 3912 505 3975 443
529 3905 669 3977 ἄτρακτον
693 3924 750 3958 esse
767 3907 883 3956 tusuma
907 3899 977 3967 ligno
1002 3897 1098 3949 duriori
1120 3897 1233 3952 ferventi

111 3977 168 4031 cieo
185 3978 330 4041 intinctum,
350 3997 400 4031 non
418 3998 481 4034 vero
500 3981 622 4032 carduum
640 3975 803 4030 aut'cnioum
821 3979 850 4023 ut
872 3968 979 4023 volebat
994 3966 1155 4022 Woolbouue
1172 3967 1197 4019 h.
1213 3966 1232 4022 i.

10 4118 12 4127 Ι
110 4041 301 4115 cromnam
318 4048 426 4116 regens.)

254 4203 333 4268 cc·
389 4183 662 4289 Operatio
700 4182 1048 4264 cataractae·

75 4331 144 4399 Frid.
165 4338 241 4419 Aug.
268 4337 412 4399 Ammon
438 4338 841 4418 ophthalmo·paracenteseoa
862 4331 992 4409 historia,
1013 4310 1152 4409 specimen
1173 4349 1232 4389 me-

113 4428 350 4487 dico-historicum
372 4445 429 4503 quo
452 4429 653 4485 commentatur
672 4423 702 4480 iu
722 4421 814 4480 varias
836 4419 917 4478 huius
937 4418 1106 4496 operationis
1128 4418 1166 4476 ad
1186 4435 1233 4475 ca-
