2888 4958
134 311 197 376 116
530 305 670 367 Medicina
694 306 723 364 lu
746 304 922 383 theologicis.

137 469 208 531 Gco.
225 463 332 538 Wolig.
351 461 480 521 Wedel
502 462 539 519 dc
559 459 648 517 Paulo
665 477 683 517 a
699 460 794 538 vipera
808 459 948 517 demorso.
974 452 1143 521 1001710.
1157 451 1180 516 4
1195 485 1239 501 -·
1254 450 1315 513 Re-

166 571 232 696 pp.
242 547 408 696 ν113ΐέ013101
429 564 518 605 exerc.
540 544 615 602 med.
641 543 738 624 philol.
764 543 848 605 Cent.
871 542 907 601 ll.
932 547 991 601 dec.
1014 538 1044 605 3.
1067 546 1122 615 (Ad
1133 545 1196 599 Act.
1212 543 1314 616 Apost.

491 781 566 837 ee.
612 761 956 848 Epistulae.

140 887 212 945 Geo.
234 884 343 960 Wolsg.
370 883 498 943 Wedel
518 885 555 941 de
575 883 733 962 epispasmo
754 881 935 941 ludaeorum.
959 881 1023 944 Jen.
1039 877 1131 947 1680.
1150 882 1181 944 4.
1195 911 1240 926 -
1255 876 1315 937 Re»

182 990 233 1028 cus.
255 973 286 1027 tn
306 968 407 1027 Wedel
431 987 520 1031 exerc.
550 969 624 1026 med.
650 967 744 1045 philol.
768 966 849 1025 Ceut.
877 966 896 1025 1.
916 967 978 1031 dec.
1001 961 1032 1027 5.
1058 987 1087 1025 n.
1112 963 1141 1029 l.
1174 979 1228 1044 (Do
1249 991 1335 1030 enn-

184 1049 337 1105 reatituendi
352 1049 480 1119 praeputii
493 1049 564 1118 apud
576 1048 741 1101 circumcisos
753 1047 786 1099 ad
796 1047 873 1116 epist.
884 1048 960 1100 Pauli
973 1047 994 1104 l.
1008 1047 1041 1100 ad
1053 1046 1207 1112 Corinthi,
1220 1065 1248 1101 r.
1258 1045 1313 1111 18.)

141 1123 228 1182 Gabr.
250 1122 423 1180 Groddek
445 1122 482 1179 de
502 1121 618 1179 ludaeis
639 1121 814 1199 praeputium
841 1120 1021 1182 attrahentib.
1079 1119 1142 1179 Jen.
1168 1115 1260 1182 1600.
1281 1112 1313 1179 4.

141 1209 243 1269 Claud.
268 1205 466 1263 Salmasius
493 1205 611 1283 epistola
643 1205 682 1263 ad
712 1205 800 1262 Andr.
830 1203 958 1262 Colvium
986 1224 1072 1282 super
1100 1225 1161 1282 cap.
1184 1204 1234 1266 Xl.
1256 1202 1314 1282 pri-

183 1310 246 1350 mae
262 1291 301 1349 ad
320 1289 449 1348 Corinth.
467 1291 548 1367 epist.
571 1291 608 1348 dc
625 1289 746 1348 caesarie
763 1290 883 1346 virorum
897 1297 926 1349 et
942 1289 1087 1349 mulierum
1100 1309 1189 1349 coma.
1214 1287 1311 1365 Lugd.

183 1377 247 1435 Bat.
270 1375 360 1450 (offic.
382 1374 514 1447 Elzevir.)
529 1367 621 1436 1644.
636 1369 667 1437 8.
699 1385 813 1452 (Forum
835 1402 900 1456 opus
917 1403 950 1455 pe
972 1403 999 1453 g.
1021 1385 1088 1452 7483
1112 1386 1229 1459 epistola
1247 1387 1312 1442 Gar.

184 1457 227 1512 10.
247 1455 333 1508 Vossii
352 1456 385 1508 ad
404 1455 485 1512 Salui.
505 1454 690 1524 supereadcm
708 1453 845 1522 reincipit
863 1472 924 1524 pag.
960 1456 1018 1520 41.)

143 1528 188 1588 10.
204 1529 308 1588 Dieter.
331 1527 491 1587 Wiukler
512 1532 597 1604 (resp.
609 1527 641 1589 C.
654 1526 686 1584 C.
701 1526 807 1601 Woog)
832 1527 869 1585 de
889 1526 969 1585 Luca
994 1527 1175 1604 Evangelista
1193 1527 1312 1588 medico.

184 1612 263 1691 LipS.
287 1606 377 1671 1736.
399 1609 431 1672 4.
455 1615 511 1682 (Ad
533 1614 624 1684 Epist.
641 1614 719 1671 Pauli
734 1615 769 1666 ad
785 1614 891 1667 Colone.
904 1616 930 1681 4,
943 1632 971 1668 v.
988 1616 1047 1682 14.)

141 1698 251 1758 Bened.
277 1696 398 1754 Gottlob
425 1694 647 1754 Clausewita
668 1695 705 1753 de
726 1692 805 1752 Luca
828 1695 1010 1772 Evangelista
1032 1696 1151 1774 medico,
1173 1697 1211 1756 ad
1232 1696 1313 1776 epist.

185 1783 223 1839 ad
245 1780 354 1842 Coloss.
368 1775 401 1851 4,
412 1799 437 1838 r.
450 1774 499 1843 14.
522 1778 586 1838 l·lal.
604 1773 696 1839 1740.
713 1774 743 1837 4.

143 1866 217 1924 Geo.
239 1865 347 1941 Wolfg.
371 1863 501 1923 chel
522 1864 644 1922 devino
672 1864 792 1922 modico.
820 1863 885 1925 Jeu.
898 1858 992 1924 1608.
1003 1859 1193 1928 4.-11000.
1204 1866 1237 1924 ia
1246 1863 1315 1925 We·

186 1949 231 2007 del
256 1968 347 2008 exerc.
373 1949 446 2009 med.
472 1947 568 2027 philol.
596 1948 678 2012 Ceut.
700 1947 722 2007 Ι.
747 1949 810 2010 dec.
835 1944 866 2006 9.
884 1967 912 2007 n.
931 1946 963 2011 4.
989 1954 1046 2022 (Ad
1061 1955 1155 2025 Epist.
1171 1954 1195 2008 Ι.
1209 1955 1247 2008 ad
1264 1953 1314 2009 Ti-

142 2028 483 2162 1100111111,Τῇοπ
509 2100 670 2159 exercitatio
701 2100 738 2158 de
763 2101 828 2158 vino
856 2099 968 2159 modico
994 2054 1248 2179 bypocboudriacia
1268 2121 1314 2162 sa·

184 2186 278 2256 lutari,
301 2186 470 2244 adsacrum
494 2185 586 2243 lucum
605 2184 626 2247 l.
647 2184 774 2243 Timotb.
792 2181 823 2261 5,
840 2204 868 2242 v.
884 2179 927 2243 03
950 2186 1076 2244 nonnihil
1108 2187 1313 2247 illustrandum.

184 2270 277 2330 Viteb.
290 2264 382 2329 1760.
393 2264 423 2328 4.
439 2301 480 2313 -
492 2269 579 2327 Redit
588 2271 619 2326 in
632 2268 732 2343 Ejuad.
744 2268 867 2347 Opuscc.
889 2270 955 2332 Vol.
969 2270 990 2328 l.
1001 2264 1089 2329 1706.
1096 2290 1124 2349 p.
1133 2267 1313 2333 534-544.

142 2354 209 2413 Chr.
238 2353 367 2411 Ehrenir.
393 2352 631 2412 Escbenbach
656 2371 751 2429 progr.
781 2355 818 2412 de
838 2354 929 2412 verbis
963 2354 1051 2419 Hebr.
1069 2351 1127 2434 13,
1153 2376 1180 2416 v.
1207 2352 1251 2417 10
1269 2375 1313 2434 sq.

184 2437 292 2496 medice
313 2437 505 2503 consideratis.
535 2431 776 2498 110010011763.
790 2433 821 2502 4.
1321 2482 1327 2491 .

467 2586 515 2660 fr·
560 2587 990 2676 Apoealypsis.

142 2711 215 2771 Gen.
238 2708 347 2785 Wolfg.
369 2708 494 2768 Wedel
514 2710 552 2767 de
572 2707 655 2785 lignis
680 2708 783 2784 thyinis
812 2710 1025 2788 apocalypseos.
1050 2708 1112 2774 Jeu.
1125 2705 1315 2773 17014.-

183 2795 279 2853 Recus.
301 2796 331 2852 iu
353 2793 452 2852 Wedel
477 2813 566 2852 exerc.
592 2793 665 2851 med.
687 2793 781 2870 philol.
808 2793 890 2852 Cent.
914 2793 947 2856 ll.

141 2879 244 2939 Franc
266 2878 387 2937 Rueus
412 2879 449 2937 de
469 2878 587 2954 gemmis
608 2877 733 2952 aliquot,
761 2878 795 2935 iis
822 2879 1000 2956 praesertim,
1026 2898 1144 2956 quarum
1175 2878 1242 2945 Dir.
1263 2880 1314 2939 10-

184 2981 271 3022 annes
293 2960 393 3040 Apost.
414 2963 442 3019 in
464 2981 516 3020 sua
540 2958 711 3038 Apocalypsi
734 2963 874 3038 meminit,
895 2964 933 3022 de
957 2963 1017 3021 aliis
1043 2982 1173 3040 quoque,
1195 2983 1313 3041 quarum

184 3066 252 3105 usus
273 3046 328 3104 boc
349 3046 410 3103 aevi
431 3047 506 3124 apud
524 3063 622 3102 omnes
637 3045 803 3120 percrebuit,
827 3047 888 3104 libri
914 3048 981 3110 duo.
1010 3047 1097 3105 Paris.
1118 3042 1210 3109 1547.
1228 3045 1312 3109 8.-

187 3129 310 3186 Pleniuc:
332 3128 432 3202 'lignei
455 3123 546 3190 1565.
569 3124 598 3187 8.
621 3127 752 3189 Francos.
776 3125 938 3190 159610.
968 3127 1244 3195 1626.12.En·am
1257 3152 1312 3194 tun

185 3210 286 3270 Fronc.
313 3211 430 3271 Valles
451 3211 623 3291 philosophia
643 3232 732 3277 socen.
770 3213 865 3292 Lugd.
882 3211 974 3278 1600.
994 3212 1026 3278 8.
1051 3216 1090 3275 ib.
1112 3212 1205 3276 1650.
1227 3213 1258 3282 8.

269 3390 338 3492 (l.
396 3393 743 3494 Medianum
790 3399 866 3495 tna
911 3399 1192 3498 ecclesia

532 3512 931 3613 Christianam

479 3697 531 3767 a.
584 3680 984 3768 Generatim.

148 3829 220 3887 Gen.
242 3829 330 3894 Henr.
352 3831 465 3893 Goetz
490 3836 528 3895 de
552 3834 691 3911 theologis
712 3837 946 3913 pseudomenon,
975 3857 1042 3897 nom
1067 3838 1201 3916 theologo
1225 3844 1315 3900 artem

191 3915 327 3973 medicam
348 3935 477 3977 exercere
497 3919 587 3979 liceat.
630 3919 903 3995 Trajectiadeen.
916 3919 1008 3985 1663.
1022 3919 1054 3983 4.
1080 3922 1159 4003 Lips.
1179 3917 1274 3989 1700.
1284 3922 1315 3988 4.

147 3996 233 4061 11101.
259 3996 409 4058 Alberti
424 4004 562 4079 specimen
578 4005 732 4063 medicinae
750 4005 936 4082 theologicae.
959 4007 1030 4066 Cum
1042 4009 1217 4086 praefatione
1228 4008 1316 4068 Lan·

191 4084 249 4159 gii.
284 4084 348 4144 Hal.
362 4080 454 4149 1706.
468 4083 499 4151 8.
525 4093 738 4162 (Opnsculorum
752 4103 833 4147 antea
846 4099 881 4148 ab
892 4105 1004 4151 auctore
1015 4099 1150 4150 editorum
1165 4097 1314 4158 collectio.)

147 4165 192 4230 10.
220 4166 308 4226 Andr.
335 4169 464 4229 Bosiuc
487 4171 524 4230 de
545 4172 647 4231 clinicis
669 4175 770 4234 veteris
792 4175 931 4237 ecclesiae
963 4176 1027 4237 Jen.
1043 4172 1134 4239 1657.
1149 4174 1180 4236 4.
1209 4188 1315 4254 (clinici

193 4248 290 4302 vetaris
308 4249 435 4305 ccclesiae
451 4253 606 4308 dicebantur
622 4253 649 4317 ii,
669 4255 715 4324 qui
731 4255 759 4310 in
776 4256 886 4310 articulo
904 4258 994 4312 mortis
1011 4258 1238 4328 baptizabantur.)

151 4320 222 4384 Geo.
245 4322 333 4380 ilenr.
356 4322 509 4385 Martini
532 4328 569 4386 de
597 4326 685 4386 thuris
709 4328 737 4388 in
759 4336 884 4390 veterum
905 4331 1127 4391 Christianorum
1145 4332 1233 4392 sacris
1256 4349 1317 4393 usu.

190 4392 269 4482 Lips.
291 4399 382 4466 1750.
404 4405 435 4468 4.
