2888 4958
501 262 510 282 ⁴
588 299 751 361 Diaetetioe.
1191 300 1252 366 155

228 450 289 544 h.
347 447 723 546 nocensne
770 447 1092 548 veterum.

76 619 142 681 Car.
177 617 240 679 Jos.
278 638 344 679 van
375 621 492 679 Cooth
520 619 638 679 diatribe
680 619 797 699 (inaug.)
838 621 866 680 iu
902 622 1078 683 diaeteticam
1114 630 1250 701 veterum,

118 704 239 765 maxime
267 703 296 763 10
328 703 393 762 tuti
423 705 510 765 Corn.
539 704 615 762 Celsi
645 714 797 783 praecepta
822 707 983 783 diaetetica,
1012 709 1193 787 Hippocratis
1221 719 1251 770 et

119 790 222 849 Galeni
246 789 354 868 placitis
378 790 522 852 illustrata.
560 789 683 865 Trajecti
709 791 747 847 ad
772 790 912 852 Rhenum.
939 787 1028 851 1835.
1050 789 1080 861 8.
1118 799 1207 866 (Bona
1222 807 1252 853 et

122 871 232 941 copiosa
250 869 396 939 disquisitio
414 871 441 924 10
458 870 617 924 diaetoticen
634 879 767 938 veterum,
785 869 892 941 primum
910 873 1067 940 generatim,
1093 875 1152 928 dein
1171 876 1250 944 Celsi,

121 939 248 1011 Hippocr.
267 946 295 992 et
312 940 429 1006 Galerii.)

77 1011 125 1071 Jo.
146 1011 223 1074 Lud.
244 1012 333 1072 Boie
354 1014 391 1071 de
412 1011 521 1088 legibus
546 1011 654 1069 cibariis
680 1015 709 1068 et
731 1011 866 1070 vestiariis
895 1011 1075 1092 Pythagorae
1098 1036 1250 1097 earumque

121 1097 221 1160 causis.
264 1095 327 1160 Jen.
355 1090 448 1157 1711.
470 1092 500 1159 4.
525 1095 599 1173 (010.
620 1095 685 1170 pag·
703 1099 774 1168 156.)

479 1302 533 1376 0.
605 1278 852 1375 Vicinos.

390 1450 477 1516 aa·
539 1430 937 1517 Generatim.

81 1589 124 1652 1ο.
145 1586 254 1664 Traug.
279 1587 437 1650 Leberecht
460 1589 562 1649 Dana
583 1588 708 1648 Versuch
726 1588 803 1646 einer
816 1587 1000 1663 allgemeinen
1017 1588 1184 1651 Geschiehte
1199 1593 1251 1652 der

120 1674 324 1733 menschlichen
345 1673 598 1750 Nahrungsmittel.
635 1669 663 1730 l.
685 1672 776 1730 Band.
808 1671 906 1751 Leipz.
930 1667 1024 1736 1806.
1051 1670 1080 1733 8.
1099 1687 1251 1759 (opum...

123 1761 193 1807 stum
210 1761 238 1807 et
255 1755 399 1820 eruditum,
425 1757 471 1808 sed
494 1755 563 1807 ultra
585 1753 695 1824 primum
722 1753 770 1805 hoo
788 1754 922 1817 volumen,
948 1755 1019 1822 quod
1036 1754 1169 1810 historiam
1187 1768 1250 1813 anta

122 1823 193 1892 ignis
208 1840 281 1876 usum
296 1824 420 1892 continet,
436 1842 487 1876 000
500 1823 690 1887 continuatum
706 1830 800 1874 auctor
813 1822 953 1890 theologus
968 1830 1034 1890 erat,
1050 1842 1100 1876 000
1114 1826 1250 1897 medicus.)

80 1896 126 1958 10.
151 1896 262 1959 Herrm.
285 1898 422 1955 Becker
441 1897 567 1956 Versuch
588 1897 663 1954 einer
688 1895 855 1952 Geschiehte
871 1897 930 1952 und
944 1893 1086 1954 Literatur
1102 1899 1154 1956 der
1170 1899 1251 1959 Nah-

119 1982 401 2058 rungsmittellsunde.
434 1982 488 2040 Mit
513 1982 589 2039 einer
610 1981 738 2038 Vorrede
760 1998 816 2035 von
843 1981 919 2038 Sam.
943 1978 998 2040 Gli.
1020 1981 1142 2056 Vogel.
1165 1984 1251 2044 Sten-

122 2065 168 2124 dal
196 2061 415 2127 1810-1812.
442 2063 470 2126 8.
493 2079 582 2147 (Opus
601 2077 731 2147 copiosum
749 2082 777 2128 et
793 2075 932 2144 diligenter
949 2075 1128 2144 compilatum3
1147 2086 1188 2131 est
1204 2087 1249 2135 to-

121 2163 176 2199 mus
191 2147 298 2215 primus
325 2147 385 2199 libri
410 2147 443 2200 de
465 2147 626 2199 nutrimentis
651 2146 677 2198 in
696 2145 851 2208 universum,
870 2161 945 2212 quern
963 2154 1056 2197 auctor
1074 2147 1248 2218 conscripsit.)

83 2219 223 2292 (Ortensio
245 2220 383 2294 Laudo)
406 2221 546 2295 Catalogo
571 2220 634 2277 dell'
661 2219 798 2275 inventori
822 2218 895 2276 delle
916 2235 981 2274 cose
1010 2218 1060 2276 che
1085 2220 1109 2277 si
1137 2225 1248 2299 mangi-

121 2323 187 2375 ano‚
211 2322 227 2361 e
249 2305 322 2362 delle
350 2305 480 2362 bevande
507 2303 669 2379 ch'hoggidi
693 2303 814 2360 s’usano.
859 2303 1014 2378 Composto
1043 2305 1081 2361 da
1105 2304 1144 2362 M.
1170 2304 1250 2367 Auo·

121 2389 197 2446 nimo
226 2389 360 2447 cittadino
386 2389 528 2466 d'Utopia.
562 2389 667 2446 Venez.
691 2382 782 2450 1548.
804 2421 845 2432 -
867 2385 1035 2446 Danaorum
1053 2388 1137 2462 ejusd.
1156 2398 1250 2450 ancto-

120 2476 160 2530 ris
188 2471 395 2532 Commentario
423 2474 495 2531 delle
520 2473 569 2550 piis
596 2472 681 2530 nobili
715 2491 731 2530 e
757 2480 932 2531 monstruose
957 2491 1023 2530 cose
1044 2470 1155 2534 d'ltalia
1179 2496 1196 2537 e
1221 2479 1251 2537 di

120 2557 182 2614 altri
204 2556 309 2634 luoghi.
343 2557 449 2615 Venez.
464 2553 555 2615 1550.
579 2552 671 2618 1552.
698 2551 789 2618 1554.
817 2551 846 2616 8.
873 2568 1011 2637 (Auctoris
1028 2587 1119 2624 nomen
1136 2575 1184 2626 sub
1197 2593 1249 2645 pa.

121 2638 241 2690 liudromi
259 2639 342 2690 torma
359 2639 467 2707 reperiri
486 2639 582 2691 dicitur
599 2638 625 2690 in
642 2638 695 2689 fine
713 2637 814 2706 operis3
833 2639 881 2692 cir.
902 2648 1013 2691 ceterum
1046 2641 1118 2692 Vino.
1137 2644 1225 2696 Auri
1231 2663 1249 2696 u

122 2708 218 2759 Sicilia
237 2708 391 2763 inventrice.
408 2707 529 2760 Palermo
542 2706 618 2760 1704.
635 2707 662 2760 4.
678 2725 705 2774 p.
723 2706 788 2769 218,
808 2712 836 2759 et
851 2708 893 2761 10.
912 2709 1101 2761 1100100000
1118 2712 1248 2783 Beitrrige

119 2793 170 2829 nur
190 2775 346 2828 vesaniente
364 2778 411 2829 der
428 2778 628 2846 Ersindungen,
650 2777 701 2830 Bd.
721 2777 745 2827 5.
763 2778 803 2828 St.
825 2774 851 2830 3.
870 2777 898 2830 S.
915 2777 988 2840 505.)

82 2846 142 2907 Car.
163 2846 243 2909 Frid.
265 2848 483 2922 Hjertstedt
515 2853 599 2926 (resp.
626 2847 672 2909 1ο.
694 2847 777 2910 Gust.
803 2847 984 2921 Siiderstedt)
1014 2850 1081 2908 diss.
1111 2850 1148 2908 de
1173 2850 1249 2911 victu

117 2932 261 2991 hominum
283 2934 372 3010 prima
392 2935 489 2992 mundi
509 2938 608 2992 aetate.
637 2931 734 3008 Upsal.
762 2926 853 2994 1789.
878 2927 909 2995 4.

80 3016 110 3076 F.
131 3013 321 3160 111100108Ξίἑο
342 3017 489 3092 alimentis,
516 3018 618 3094 quibus
644 3017 745 3075 Graeci
765 3017 947 3095 Hippocratis
967 3021 1060 3076 aetate
1087 3018 1248 3086 utebantur.

116 3102 211 3165 Bona.
278 3105 287 3128 ’“
321 3149 328 3164 .

79 3185 164 3247 Jauus
190 3186 215 3244 0
221 3205 372 3246 ornatus
403 3187 570 3264 (Hagenbut
580 3206 602 3250 s.
614 3185 752 3264 Hainpol)
769 3187 805 3244 de
821 3185 1009 3245 conviviorum
1023 3192 1148 3249 veterum
1160 3189 1251 3257 0000,

119 3290 217 3331 eorum
230 3277 259 3329 et
272 3271 328 3329 hoc
343 3277 471 3350 ternpore
488 3272 692 3331 Germanorum
708 3271 815 3329 ritihus.
839 3268 1134 3344 1000001.1546.8,;
1162 3275 1249 3335 Basil.

50 3350 51 3353 ’
119 3349 213 3418 1547.
241 3349 290 3430 12.
302 3389 344 3399 -
355 3355 493 3415 11000010
507 3357 634 3417 Gronov.
658 3356 779 3415 thesaur.
799 3356 941 3431 antiquitt.
961 3375 1052 3432 graec.
1068 3355 1170 3420 volum.
1182 3359 1249 3434 lX.)

81 3441 123 3502 10.
147 3440 209 3503 100.
233 3441 372 3498 Schaef
376 3441 429 3500 fer
457 3441 523 3503 diss.
546 3442 583 3498 de
608 3440 742 3516 qualitate
766 3446 795 3499 et
808 3442 975 3516 quantitate
996 3441 1200 3519 alimentorum,
1221 3443 1249 3499 in

120 3531 258 3600 quantum
287 3531 413 3584 veterum
437 3526 630 3585 Romanorum
660 3526 755 3583 robori
782 3526 827 3583 vel
855 3525 1049 3583 conservando
1077 3526 1121 3582 vel
1150 3525 1250 3583 debili-

118 3609 209 3667 tando
235 3609 411 3673 contulerint.
442 3608 594 3686 Argentor.
625 3604 717 3670 1575.
738 3608 768 3669 4.

80 3692 123 3752 10.
142 3694 221 3754 Guil.
240 3695 352 3752 Stuelr
379 3696 558 3770 antiquitates
575 3694 743 3757 convivales.
769 3693 869 3768 Tiguri
893 3686 986 3754 1582.
1002 3691 1039 3762 l'.3
1060 3687 1248 3756 ib.1597.t.

119 3777 216 3838 110000.
243 3798 266 3837 0.
288 3778 352 3836 aliis
377 3780 459 3852 ejusd.
490 3779 586 3855 Lugd.
606 3780 671 3842 Bat.
691 3775 782 3838 1695.
798 3778 817 3840 f.
846 3788 980 3855 (Auctoris
998 3787 1113 3856 theologi
1132 3806 1198 3858 opus
1215 3790 1249 3847 ds

119 3857 258 3924 conviviis,
276 3860 415 3929 potulentis
434 3866 461 3912 at
477 3859 617 3914 esculentis
636 3861 773 3926 Graecor.,
791 3859 929 3913 Romanor.
949 3866 977 3910 et
992 3857 1131 3921 Oriental.)

81 3926 153 3993 Petr.
177 3930 395 3990 Ciacconins
419 3930 524 4009 (Pedro
548 3932 674 4009 Charon)
703 3934 740 3991 de
770 3932 887 3990 triclinio
915 3932 975 3989 sive
1004 3931 1041 3988 de
1067 3933 1153 3989 modo
1180 3952 1248 3993 con-

118 4016 232 4074 vivandi
258 4019 334 4094 apud
360 4018 465 4096 priscos
491 4019 636 4076 Romanos
663 4023 692 4076 et
726 4017 763 4074 de
787 4016 975 4073 conviviorum
998 4021 1144 4092 apparatu.
1185 4020 1249 4089 (ho-

120 4105 195 4158 oedit
216 4105 310 4158 Fulvii
334 4106 462 4159 Ursini
487 4105 624 4177 appendix
650 4114 679 4158 et
702 4105 817 4158 Hieron.
844 4103 1077 4158 Mercurialis
1109 4105 1144 4155 de
1169 4123 1248 4159 accu-

119 4190 195 4242 bitus
221 4189 250 4242 in
272 4209 357 4243 coena
377 4192 548 4261 antiquorum
563 4189 672 4259 origine
687 4190 766 4254 diss.)
792 4184 875 4246 Rom.
896 4181 986 4245 1588.
1002 4179 1049 4255 8.;
1074 4183 1248 4262 Heidelberg

120 4266 218 4329 1590.
231 4266 279 4340 8.;
306 4266 605 4343 Amstet.1664.12.;
626 4271 693 4329 ibid.
707 4265 799 4331 1689.
814 4265 881 4343 123
906 4269 984 4348 Lips.
997 4262 1089 4330 1758.
1108 4262 1156 4326 12.
1185 4267 1251 4328 Goon

115 4357 191 4432 figg.
202 4389 244 4400 -
255 4356 342 4415 Redit
352 4361 382 4415 in
393 4357 426 4415 0.
439 4357 560 4435 Opuscc
568 4351 753 4416 1100011108.
763 4349 792 4414 8.
805 4361 830 4413 01
842 4358 873 4413 in
888 4354 1000 4415 Graevii
1010 4353 1131 4436 thesaur.
1142 4356 1249 4432 antiqu.

83 4432 206 4500 Barthol.
228 4441 427 4502 Burchelat
449 4443 578 4502 Charitas
597 4461 620 4500 s.
642 4441 798 4502 convivium
822 4441 988 4520 dialogicum
1020 4447 1127 4522 septem
1154 4441 1251 4522 physi-
