2888 4958
179 282 222 347 36
621 276 759 337 Medicina
781 277 905 354 antiqua.

226 438 284 497 und
307 433 430 496 1111011011
453 432 482 490 iu
503 432 553 489 der
574 431 637 490 ilias
655 432 713 489 und
729 429 870 507 Odyssee,
896 430 936 489 als
957 429 1073 507 Beitrag
1086 449 1137 488 zur
1148 430 1354 492 Homerischen

224 518 418 598 Psychologie.
462 511 694 574 Giessen1825.
719 510 749 576 4.

184 607 256 665 Emil
288 603 375 662 Louis
407 602 533 659 Hamel
565 601 651 659 lbesis
684 599 878 678 philosophica
910 600 947 657 de
976 600 1160 678 psychologia
1191 599 1352 661 Homerica.

185 680 520 845 Caiidriiusigffilgbig
545 772 581 828 de
606 769 633 825 vi
655 774 683 826 et
705 787 756 825 usu
777 767 976 826 vocabulorum
999 768 1123 847 φρένες,
1151 760 1255 843 θυμός
1277 768 1352 825 simi-

226 860 350 932 liumque
382 856 458 933 apud
490 855 653 912 Homerum.
703 851 805 909 Dresd.
828 845 919 909 1840.
949 849 977 914 s.
1023 859 1139 924 (Progr.
1163 857 1352 909 scholasticum

227 934 597 1069 pppclpplpgiopdiitlrptoricum
620 931 747 1004 philologi
765 932 894 996 auctoris,
930 933 975 1001 qui
993 940 1096 987 veteres
1114 950 1218 1003 quoque
1236 934 1352 987 medicos

184 1078 221 1140 A.
242 1079 275 1136 L.
298 1077 413 1135 Millin
436 1073 616 1148 mineralogie
637 1072 810 1147 Homerique
832 1093 868 1130 ou
894 1075 964 1130 essai
985 1092 1032 1131 sur
1050 1073 1090 1131 les
1106 1075 1257 1145 miserans,
1281 1075 1354 1132 dont

227 1164 247 1221 il
270 1169 313 1220 est
344 1162 395 1218 fait
421 1160 543 1217 mention
569 1159 639 1215 dans
672 1157 711 1214 les
742 1159 857 1232 poemes
890 1158 1052 1217 d’Homere.
1103 1159 1181 1217 Paris
1204 1154 1295 1221 1790.
1321 1155 1351 1216 8.

229 1246 401 1319 Strasbourg
424 1238 513 1302 1799.
535 1236 565 1302 8.
587 1241 665 1299 Paris
691 1236 781 1299 1816.
804 1236 833 1299 8.
856 1275 898 1284 -
921 1241 1049 1306 German,
1065 1250 1130 1300 vert.
1148 1243 1181 1301 F.
1194 1243 1230 1302 T.
1248 1244 1351 1302 Rink.

228 1330 348 1410 Leipzig
373 1330 431 1386 und
452 1325 634 1401 Klinigsberg
658 1321 747 1387 1793.
776 1320 807 1386 8.

188 1417 221 1475 F.
244 1415 280 1475 A.
310 1415 353 1476 W.
377 1411 512 1486 Miquel
541 1417 683 1468 tentamen
709 1413 797 1467 florae
822 1409 998 1488 Homericae,
1021 1412 1055 1468 of
1071 1411 1226 1486 Bijdrageu
1247 1417 1291 1470 tot
1317 1412 1353 1470 de

230 1500 337 1558 Kennis
360 1499 410 1554 der
431 1496 558 1567 Planten,
582 1496 628 1552 die
649 1495 676 1551 in
698 1496 734 1552 de
753 1494 910 1552 Gedichten
930 1514 984 1552 van
1006 1496 1148 1553 Homerus
1169 1497 1353 1559 voorkomen.

230 1584 385 1643 Bolerdam
400 1575 488 1638 1835.
500 1576 530 1639 8.
539 1613 577 1622 -
590 1579 788 1637 Germanoert.
802 1578 828 1636 J.
840 1578 871 1635 C.
884 1579 921 1640 Μ,
934 1578 1098 1642 Laurent.
1111 1579 1214 1638 Altona
1223 1576 1313 1639 1836.
1321 1576 1352 1640 8.

187 1669 264 1730 Petr.
285 1667 386 1725 Petit
408 1665 473 1722 diss.
500 1665 537 1722 de
557 1663 673 1721 Homeri
695 1663 844 1740 nepenthe‚
866 1664 924 1721 sive
946 1665 983 1721 de
1003 1664 1128 1723 Helenae
1151 1666 1353 1723 medicamento

230 1753 334 1810 luctum
367 1749 504 1824 animique
537 1768 646 1806 omnem
678 1749 882 1823 aegritudinem
909 1747 1048 1807 abolente.
1103 1749 1180 1824 Traj.
1203 1751 1240 1807 ad
1261 1749 1353 1813 Rhen.

232 1830 323 1895 1683.
339 1830 367 1896 8,
379 1833 448 1891 lbid.
462 1828 576 1910 (Paris.)
590 1828 682 1893 1689.
698 1828 729 1894 8.
757 1837 871 1905 (Auctor
887 1845 948 1890 erat
961 1838 1079 1889 medicus
1093 1838 1267 1907 Parisiensis,
1283 1856 1354 1892 mor-

189 1913 397 2061 Geiriuslliiiiigi
417 1985 542 2043 Wedel
567 1987 603 2043 de
624 1984 764 2062 nepenthe
782 1985 908 2045 Homeri.
942 1985 1005 2044 Jen.
1029 1982 1119 2046 1692.
1141 1982 1170 2046 4.
1193 2021 1235 2030 —-
1257 1985 1353 2045 1100111.

230 2076 260 2130 io
282 2071 383 2131 Wedel
406 2088 494 2128 exere.
516 2072 590 2132 med.
615 2070 711 2148 philol.
738 2070 819 2134 Ceut.
841 2071 864 2133 1.
888 2071 947 2130 dec.
965 2067 995 2129 6.
1020 2092 1048 2130 n.
1072 2066 1121 2134 10.
1166 2075 1278 2146 (Opium
1293 2093 1355 2128 esse
1433 2078 1436 2082 ’

187 2153 273 2284 10111Ι
286 2153 449 2283 ldaitusmeliiie
472 2224 508 2280 de
532 2222 649 2281 Homeri
670 2223 810 2299 nepenthe
831 2241 853 2280 s.
880 2223 916 2280 de
939 2221 1080 2280 abolendo
1103 2223 1188 2282 luctu.
1232 2222 1355 2303 Neapoli

232 2304 323 2369 1721.
345 2303 374 2365 4.
397 2341 439 2351 --
463 2307 549 2364 Redit
569 2310 599 2365 in
621 2308 682 2366 Jac.
708 2306 833 2368 Gronov.
857 2307 927 2365 thes.
948 2308 1055 2382 antiqu.
1078 2327 1201 2383 graecar.
1227 2309 1281 2368 vol.
1305 2309 1353 2368 Χ1.

230 2413 258 2470 p.
285 2386 504 2451 1329—-1432

188 2474 348 2535 Alexandra
380 2473 469 2533 Louis
500 2475 665 2550 Marquis
691 2474 839 2532 reflexione
870 2493 918 2531 sur
950 2473 976 2531 le
1008 2475 1164 2552 nepenthes
1189 2473 1354 2537 d’Homere.

231 2561 331 2619 Rauen
359 2555 451 2619 1815.
474 2556 504 2619 8.
530 2564 612 2632 (Vide
627 2579 709 2632 supra
723 2579 786 2630 pag.
802 2565 827 2629 5,
844 2563 1001 2614 Barchusen
1016 2564 1050 2614 dc
1064 2565 1221 2634 nepenthe.)

188 2646 261 2705 Geo.
286 2644 393 2721 Wolfg.
417 2644 539 2704 Wedel
566 2645 602 2702 de
623 2642 699 2719 moly
719 2642 837 2699 Homeri
862 2662 952 2701 exerc.
974 2642 1080 2701 1-111.
1123 2645 1186 2707 Jen.
1210 2639 1301 2709 1713.
1322 2642 1353 2706 4.

230 2730 325 2788 Recm.
345 2733 375 2787 in
398 2729 498 2789 Wedel
515 2747 604 2786 exerc.
626 2729 699 2785 med.
722 2726 818 2805 philol.
839 2727 919 2784 Cent.
932 2727 967 2785 11.
990 2733 1072 2800 (Esse
1083 2735 1296 2807 Nymphaeum.)

188 2814 221 2873 V.
245 2815 281 2873 G.
304 2815 413 2873 Siber
438 2815 474 2871 de
500 2811 583 2890 moly.
627 2806 920 2887 Schueeberg1699.
943 2808 972 2875 4.

187 2898 261 2961 Dan.
285 2899 368 2961 With.
392 2896 527 2957 Triller
548 2895 642 2974 (resp.
667 2896 715 2956 Jo.
739 2896 797 2955 Jac.
823 2896 968 2976 Wagner)
997 2898 1072 2976 moly
1094 2898 1272 2957 Homericum
1302 2903 1353 2960 de-

228 2991 334 3043 tectum
357 3001 420 3038 cum
441 2982 554 3055 reliquis
576 2983 614 3038 ad
634 2979 757 3038 fabulam
779 2979 921 3038 Circaeam
936 2983 1147 3057 pertinentibus.
1169 2981 1247 3060 Lips.
1261 2979 1352 3044 1716.

229 3063 259 3124 4.
281 3099 323 3108 -
345 3063 431 3120 Redit
451 3067 481 3120 in
508 3063 557 3120 Tr.
584 3081 696 3139 opuscc.
725 3062 788 3123 Vol.
811 3065 846 3120 ll.
873 3060 964 3125 1766.
987 3087 1053 3144 pag.
1079 3061 1213 3125 37-83.
1258 3073 1355 3142 (Moly

230 3141 396 3196 Homericum
414 3158 472 3194 esse
490 3142 593 3210 quidem
610 3142 761 3195 Elleborum
779 3142 896 3211 nigrum,
923 3147 970 3199 sed
993 3146 1050 3198 loco
1067 3145 1112 3198 illo
1130 3145 1270 3214 allegorice
1288 3151 1355 3203 sumi

229 3228 277 3280 pro
296 3208 434 3278 prudentia
451 3215 478 3261 et
495 3211 682 3277 coutinentia.)

188 3283 260 3340 Geo.
287 3281 394 3357 Wolfg.
428 3282 553 3340 Wedel
586 3283 623 3340 de
649 3283 717 3359 thyo
749 3283 874 3346 Homeri.
927 3283 989 3342 Jen.
1016 3279 1108 3348 1707.
1130 3281 1161 3345 4.
1205 3284 1301 3345 Recto.
1323 3293 1354 3348 io

230 3366 333 3427 Wedel
359 3386 448 3424 exerc.
470 3368 543 3426 med.
569 3366 663 3445 philol.
687 3367 769 3431 Ceut.
793 3367 825 3424 11.
870 3373 951 3438 (Esse
966 3373 1094 3426 Sabinam
1107 3376 1249 3443 nostram.)

188 3484 233 3496 -
260 3485 303 3496 —
326 3457 487 3529 propempt.
507 3453 544 3509 de
568 3452 662 3510 radice
682 3471 778 3509 amara
801 3451 926 3509 Homeri.
969 3452 1031 3511 Jen.
1048 3450 1140 3514 1692.
1159 3452 1188 3514 4.
1204 3455 1353 3516 -Recam

230 3540 261 3594 in
283 3535 383 3594 Wedel
406 3555 494 3595 exerc.
517 3538 589 3595 med.
613 3535 708 3614 philol.
735 3536 816 3593 Ceut.
831 3535 852 3593 1.
871 3537 933 3595 dec.
945 3533 974 3596 6.
986 3558 1014 3601 n.
1025 3535 1053 3598 6.
1081 3544 1254 3611 (Gentianam
1269 3549 1352 3614 esse.)

190 3620 262 3682 Geo.
284 3619 355 3678 Phil.
377 3621 454 3678 Frid.
488 3621 678 3680 Groshans
706 3622 875 3699 prodromos
897 3621 1013 3681 Faunae
1037 3624 1153 3684 Homeri
1175 3632 1204 3683 et
1224 3625 1352 3685 Hesiodi.

231 3703 327 3780 Lugd.
352 3705 417 3763 Bat.
442 3700 534 3766 1839.
557 3702 587 3768 8.

607 3819 662 3876 BB.
708 3821 734 3872 A
751 3836 765 3872 e
782 3837 794 3872 r
812 3837 862 3890 op
879 3838 898 3872 u
915 3838 937 3875 r.

191 3921 267 4065 Fri1d3
294 3922 422 4069 Goptlhlilp*
443 3925 605 4067 {reytag
637 3921 724 4005 (sen.)
756 3924 822 3982 diss.
848 3926 885 3983 de
911 3925 1013 4001 insigni
1033 3924 1139 4006 Aesopi
1169 3930 1354 3990 deformitate.

259 4025 310 4086 rps.
419 4051 427 4065 .
474 4053 481 4067 .

571 4123 626 4179 CC.
681 4123 979 4182 Herodotus.

187 4227 257 4290 Car.
283 4228 357 4288 Guil.
383 4229 491 4289 Stark
512 4229 639 4290 analecta
665 4231 774 4290 medica
801 4250 836 4289 ex
863 4238 988 4290 veterum
1009 4231 1188 4311 scriptoribus
1213 4252 1272 4292 non
1295 4252 1356 4293 me-

233 4313 311 4373 dicis.
354 4312 430 4372 Part.
453 4313 473 4372 1.
500 4335 557 4390 qua
577 4315 655 4373 locus
676 4318 753 4394 apud
774 4315 955 4375 Herodotum
969 4317 1016 4379 lX.
1030 4313 1079 4376 83.
1091 4323 1234 4377 tractatur.
1254 4318 1355 4396 Progr.

234 4390 325 4456 1-8.
368 4397 457 4457 Jenae
480 4392 658 4460 1827-28.
679 4400 711 4462 4.
756 4404 808 4474 (De
823 4405 922 4460 craniis
936 4405 965 4458 in
979 4421 1046 4475 agro
1061 4406 1240 4473 Plataeensi.)
