2888 4958
574 277 679 338 Plinius
698 309 741 323 —
761 277 867 341 Celsus.
1260 283 1302 351 57

179 429 277 485 rioloso
300 429 377 482 boum
401 425 546 497 antiquitus
569 428 623 497 jam
644 426 674 480 iu
698 443 794 510 corpus
818 427 956 482 homanum
973 431 1098 487 translato
1117 438 1146 488 et
1162 436 1303 495 secundum

177 508 295 554 naturam
313 498 451 550 humanam
467 503 577 566 monto,
594 497 633 550 ita
650 502 680 550 ut
697 512 780 550 senus
798 498 899 550 variola
917 498 1011 552 exinde
1028 509 1091 555 nata
1108 502 1163 572 sit.)

134 573 213 633 Elias
235 572 466 630 Camerarius
491 571 558 634 diss.
583 570 620 628 de
641 587 771 647 gemursa
796 569 923 629 Pliniana
944 572 1014 630 clavi
1036 576 1117 652 pedis
1147 576 1303 658 maligniori

178 659 281 737 specie.
323 656 451 731 Tubing.
473 649 567 714 1722.
587 649 618 713 4.
661 657 715 727 (lu
729 658 802 715 Plin.
817 659 836 715 l.
854 660 956 716 xxvl.
972 680 996 713 c.
1014 665 1039 718 1.
1052 680 1075 719 s.
1090 667 1116 719 5.
1135 671 1161 733 s.
1175 667 1218 736 8.)

136 743 210 806 Geo.
239 742 347 817 Wolfg.
371 739 495 798 Wedel
527 741 563 798 de
592 740 691 799 morbo
713 741 866 884 sapientiae
904 742 961 817 (ad
985 741 1054 805 Plin.
1078 744 1140 803 bist.
1162 752 1219 812 nat.
1241 749 1304 812 Vll.

179 823 230 886 50.
251 848 274 891 s.
286 821 337 884 51.
353 822 382 902 §-
394 820 481 902 169).
502 825 564 883 Jeu.
587 818 742 906 (1099.)1
765 819 815 884 01.
832 820 863 887 4.
883 857 933 872 -
951 827 1049 891 Rectus.
1061 830 1091 886 iu
1102 831 1201 891 chel
1213 852 1304 896 exerc.

180 915 256 971 med.
278 910 375 990 philol.
391 910 473 972 Ccnt.
493 909 514 967 Ι.
536 910 596 972 dec.
616 905 666 972 10.
688 929 716 972 n.
739 904 788 972 10.
820 914 890 981 (Pro
905 915 1118 986 diaphragmatis
1132 919 1244 974 vulnere
1258 925 1306 978 ha-

182 994 238 1062 bet,
256 1010 314 1045 cum
332 1008 384 1044 ror
402 987 502 1058 φρένες
518 999 626 1062 praeter
643 997 750 1043 mentem
768 989 846 1043 etiarn
864 990 1031 1061 diaphragma
1048 994 1192 1066 designet.)

132 1056 215 1129 'Guil
239 1065 360 1124 Udalric
386 1063 630 1124 Waldschmid
652 1065 742 1140 (resp.
764 1064 856 1141 Cluph.
881 1064 967 1125 Mart.
990 1066 1158 1151 Burchard)
1181 1072 1247 1137 diss.
1269 1074 1307 1135 de

183 1151 282 1210 morbo
302 1169 354 1227 per
377 1149 541 1226 sapientiam
562 1149 634 1206 mori
655 1148 743 1212 Plinii.
787 1148 882 1208 Kilon.
907 1145 998 1210 1703.
1024 1147 1054 1211 4.

139 1235 207 1296 Chr.
242 1233 361 1292 Godofr.
395 1233 571 1293 Stentael
601 1253 698 1312 progr.
732 1233 836 1305 morbi,
884 1253 941 1311 quo
967 1256 1018 1314 per
1044 1237 1208 1317 sapientiam
1236 1244 1307 1301 mori

179 1320 284 1415 Plinius
306 1319 418 1396 scribit,
459 1324 561 1378 natura
582 1317 744 1397 explicatur.
788 1318 880 1381 Viteb.
904 1314 996 1381 1736.
1018 1318 1049 1386 4.
1115 1329 1206 1397 (Esse
1230 1339 1307 1386 auto

138 1401 315 1532 0611710610
334 1446 494 1532 ΤτίΗεῖ
512 1471 674 1530 exercitatio
699 1471 727 1531 in
750 1472 891 1531 difficilem
912 1472 993 1532 Plinii
1017 1473 1126 1554 locum,
1159 1477 1177 1538 l.
1202 1479 1261 1540 Vll.
1283 1500 1307 1541 c.

158 1555 245 1638 ·50.,
271 1560 307 1616 de
327 1559 427 1616 morbo
448 1576 500 1634 per
514 1556 679 1633 sapientiam
701 1558 779 1614 mori.
824 1557 916 1618 Viteb.
941 1555 1034 1623 1757.
1056 1557 1086 1620 4.
1110 1597 1150 1609 -·
1170 1563 1259 1623 Redit
1279 1569 1310 1625 ia

69 1683 71 1695 .
183 1645 234 1702 Tr.
258 1643 379 1721 Opuscc.
404 1642 465 1701 Vol.
488 1641 509 1704 l.
533 1634 625 1704 1766.
648 1662 677 1720 p.
700 1636 878 1705 508-523.
923 1649 1005 1716 (Esse
1020 1651 1223 1722 phrenitideru.)

140 1728 267 1789 Gottlieb
288 1728 386 1787 Heinr.
410 1727 683 1804 Kannegiesser
708 1726 774 1785 diss.
802 1728 840 1786 de
860 1729 959 1788 morbo
982 1731 1117 1792 Pliniano.
1141 1728 1188 1817 (7)
1213 1735 1310 1799 Kilon.

141 1807 469 1973 Girbs47ltlo4rigliano
503 1896 739 1974 interpretacione
774 1895 838 1954 dcll’
872 1917 977 1956 oscuro
1010 1920 1096 1979 passo
1136 1903 1165 1962 di
1202 1903 1310 1965 Plinio:

184 1983 303 2043 Morbus
323 1988 366 2040 est
389 1983 472 2040 etiam
486 1981 586 2056 aliquis
607 2001 660 2059 per
680 1982 844 2058 sapientiam
866 1984 945 2040 mori.
968 1986 998 2043 S.
1016 1986 1033 2042 l
1053 2007 1076 2044 e.
1094 2004 1120 2045 a.
1137 1982 1262 2066 (1780.)
1279 1985 1310 2054 8.

187 2063 320 2132 (Pertinet
338 2063 371 2116 cd
387 2062 451 2115 Plin.
464 2063 525 2115 Vll.
543 2064 600 2128 50.;
620 2064 669 2117 cfr.
687 2063 766 2116 etiam
784 2061 866 2131 Casp.
885 2079 901 2115 a
917 2063 1034 2131 Reyes
1052 2065 1159 2131 Elysius
1174 2070 1311 2136 jucunder.

188 2139 291 2202 quaest.
310 2147 415 2214 campos
432 2148 458 2214 p:
478 2130 571 2215 11864
608 2131 687 2188 Andr.
714 2130 837 2184 Schott
859 2133 935 2233 obes.
954 2132 1065 2217 human⁸
1077 2134 1109 2191 V.
1128 2136 1170 2190 10.
1189 2154 1213 2220 p.
1232 2137 1311 2206 217.;

187 2199 765 2407 {³⁶33{34¹¹}⁸⁰¹{34{¹33⁶3u34ti448
777 2198 1141 2337 slsi’ssdlltttssl:
1171 2206 1313 2345 silini?

211 2380 219 2398 .
261 2358 294 2394 en
350 2376 358 2393 .
394 2356 475 2393 .eo.

521 2545 573 2602 SS.
630 2546 784 2600 Plinius
809 2547 941 2604 minor.

146 2689 218 2748 Geo.
245 2686 320 2745 Guil.
345 2685 431 2745 Ferd.
454 2687 633 2747 Schramm
659 2689 856 2747 commentatio
878 2688 1022 2764 epistolica
1044 2690 1081 2749 de
1103 2708 1192 2749 coena
1215 2690 1317 2767 frugali

189 2793 209 2832 a
230 2772 329 2845 Plinio,
351 2772 432 2852 epist.
455 2771 477 2837 l.
500 2767 551 2835 15.
577 2773 726 2851 descripta.
769 2772 832 2830 Jen.
856 2766 950 2832 1746.
975 2768 1005 2830 4.

566 2990 628 3047 ΤΤ.
680 2989 903 3059 Apicius.

148 3129 196 3191 Jo.
219 3129 315 3189 Heinr.
337 3129 379 3188 Di
390 3128 522 3188 erbacb
543 3129 629 3188 Flora
649 3127 794 3210 Apiciana.
817 3131 871 3189 Ein
886 3130 1003 3205 Beitrag
1019 3148 1070 3186 zur
1086 3128 1193 3187 nibem
1208 3127 1320 3189 Kerint-

191 3215 250 3273 niss
273 3216 324 3273 der
344 3211 588 3290 Nahrungsmittcl
610 3216 661 3272 der
686 3215 762 3274 alten
784 3215 905 3289 Riimer,
942 3217 993 3273 mit
1020 3215 1192 3273 besonderer
1223 3216 1319 3274 Brick-

192 3299 265 3358 sicht
291 3299 343 3358 aui
365 3299 411 3356 die
433 3299 545 3357 Biicber
565 3301 617 3358 des
639 3299 751 3359 Caclius
765 3300 879 3378 Apicius
902 3301 938 3359 de
960 3300 1085 3378 opsoniis
1106 3307 1136 3358 et
1157 3300 1320 3359 condimen·

192 3385 229 3443 tis
251 3383 310 3442 sive
331 3391 391 3441 arte
412 3385 584 3459 coquinaria.
616 3384 790 3461 Heidelberg
811 3387 870 3444 und
891 3383 1011 3463 Leipzig
1033 3378 1124 3443 1831.
1150 3378 1179 3442 8.
1225 3383 1323 3460 (Bota-

193 3465 271 3518 uicae
287 3464 327 3517 rei
344 3465 411 3516 bene
430 3465 530 3534 peritus
547 3475 657 3531 auctor3
675 3467 722 3521 cir.
742 3467 831 3522 llartb.
850 3466 988 3519 Platina
1007 3467 1039 3518 de
1056 3466 1169 3517 honesta
1184 3465 1324 3532 voluptate

193 3551 215 3587 s.
238 3535 270 3588 de
291 3535 393 3588 tuendo
408 3535 573 3591 ualetudine.
615 3536 706 3591 Vcact.
726 3533 801 3590 1475.
818 3541 844 3605 f.
864 3542 892 3589 et
907 3535 1011 3606 saepius
1029 3550 1087 3589 var.
1105 3532 1161 3598 tit.)

642 3757 671 3829 β.
706 3762 837 3812 Medici.

581 3893 640 3950 ΑΛ.
709 3894 898 3947 Celeus.

153 4011 245 4072 Henri
272 4011 487 4075 Kirhnholtz
519 4015 601 4090 eloge
633 4017 670 4075 de
701 4014 784 4074 Celse
806 4010 951 4089 prononcd
976 4008 1003 4068 le
1025 4003 1073 4067 19.
1100 4009 1180 4088 April
1202 4003 1325 4068 1838a

196 4096 225 4155 la
249 4095 316 4161 Fac.
339 4099 376 4156 de
397 4099 472 4161 mdd.
494 4100 531 4158 de
552 4099 740 4179 Montpellier.
784 4095 962 4174 Montpellier
984 4100 1014 4152 et
1037 4092 1116 4151 Paris
1143 4088 1234 4152 1838.
1262 4087 1292 4148 8.

155 4182 227 4240 Geo.
250 4180 473 4242 Ackermarlr
506 4184 575 4243 diss.
602 4203 659 4258 qua
688 4181 756 4243 Aur.
782 4180 868 4239 Corn.
902 4179 1002 4238 Celsus
1032 4178 1203 4235 medicorum
1226 4175 1326 4234 Cicero

196 4267 405 4344 latinorumque
426 4268 615 4347 Hippocrates
638 4266 814 4346 proponitur.
857 4261 957 4344 Upsal.
984 4257 1077 4322 1758.
1102 4256 1132 4320 4.

154 4351 252 4425 (Giov.
274 4351 362 4428 Lnigi
383 4353 588 4428 Bianconi)
610 4353 709 4412 lettere
729 4368 815 4430 sopra
836 4347 870 4410 A.
896 4349 983 4407 Corn.
1008 4345 1093 4405 Celso
1120 4345 1146 4404 al
1171 4341 1221 4402 cel.
1236 4338 1329 4404 Abate

197 4436 290 4519 Girol.
312 4437 489 4498 Tiraboschi.
510 4437 594 4497 Rom.
608 4433 699 4501 1779.
709 4432 739 4497 8.
754 4469 796 4481 -
817 4433 947 4498 German.
957 4439 1023 4495 vert.
1038 4451 1118 4496 oaou.
1130 4429 1165 4490 1..
1176 4431 1223 4490 ooli
1237 4429 1331 4491 titulo:
