2888 4958
197 301 238 364 14
630 304 787 366 Literatura
809 307 923 365 medica.

238 457 369 516 hledicin.
412 455 594 534 Kdnigsberg
619 453 710 520 1792.
735 454 764 518 8.
788 493 830 504 —
852 459 976 534 Ejusd.
1002 458 1127 519 Zusiitze
1155 460 1215 519 und
1240 459 1365 519 Verbes-

237 560 377 617 serungen
398 560 434 599 zu
463 543 553 600 seiner
581 563 688 620 pragm.
711 542 766 601 Lit.
792 545 820 605 d.
845 544 922 605 Med.
944 543 1084 619 Kdnigsb.
1110 538 1202 603 1796.
1228 538 1258 608 8,
1293 560 1365 626 (Se.

240 623 349 676 cundum
371 621 564 675 Blumenbachii
586 624 802 678 introductionem
828 633 855 677 et
877 624 977 678 Halleri
1002 624 1173 679 bibliothecas
1197 625 1367 698 compilatum

239 709 304 762 opus
321 692 365 744 vix
383 692 468 744 adhuc
487 691 596 759 alicujus
614 699 696 759 usus.)

195 764 290 825 Pierre
311 767 383 822 Sue
404 784 451 822 eur
473 764 500 821 la
524 764 726 844 bibliographie
750 765 893 824 medicale.
936 765 1014 823 Paris
1037 760 1129 830 1796.
1156 761 1185 825 8.

195 851 234 913 D.
257 850 398 910 Villars
419 851 490 908 essai
512 851 549 908 de
569 851 726 908 litte‘rature
752 850 897 911 medicale.
941 852 1117 926 Strasbourg
1139 845 1229 910 1811.
1252 846 1285 914 8.

195 938 241 998 Jo.
265 937 353 1014 Bapt.
377 935 410 992 M
418 935 589 994 onlalcon
615 936 707 1013 precis
728 937 764 992 de
784 935 917 992 l'histoire
941 936 978 994 de
999 936 1026 993 la
1051 936 1196 994 medecina
1217 944 1245 994 et
1268 937 1306 997 de
1321 939 1365 996 bi-

237 1020 412 1097 bliographie
435 1019 586 1094 medicale,
617 1025 770 1078 contenent
795 1019 966 1077 l'iudicalion
987 1026 1016 1078 et
1036 1020 1063 1078 la
1091 1020 1285 1079 classification
1312 1024 1364 1082 des

238 1125 378 1181 ouvrages
416 1103 456 1162 les
492 1104 646 1183 meilleurs‚
685 1105 711 1162 le
744 1104 806 1182 plus
839 1105 940 1177 utiles,
973 1105 999 1163 la
1025 1105 1193 1182 description
1226 1107 1277 1164 des
1302 1109 1364 1166 edi-

237 1193 311 1248 tions
336 1208 414 1246 nares
443 1209 480 1247 ou
509 1190 548 1246 du
573 1190 636 1248 luxa
662 1195 691 1247 et
716 1191 767 1247 des
793 1191 1012 1248 consideratione
1037 1209 1084 1247 sur
1113 1191 1153 1248 les
1178 1191 1270 1262 soins,
1307 1211 1364 1268 que

237 1277 376 1332 demanda
397 1275 424 1331 la
447 1276 640 1333 conservation
673 1276 723 1332 des
757 1274 968 1350 bibliotheques.
1022 1275 1100 1333 Paris
1126 1270 1219 1335 1826.
1246 1271 1294 1334 18.
1320 1310 1366 1323 —-

238 1358 295 1418 Ed.
311 1360 413 1417 ultera:
438 1357 531 1417 Precis
556 1361 593 1418 de
614 1360 816 1438 bibliographie
837 1360 988 1436 me'dicale,
1017 1367 1169 1418 contenent
1190 1360 1364 1421 l'indication

238 1451 267 1504 et
288 1445 315 1502 la
338 1443 534 1502 classifioation
557 1446 606 1503 des
629 1464 766 1521 ouvrages
789 1445 829 1503 les
854 1445 1002 1516 meldanus,
1024 1444 1050 1503 le
1072 1445 1135 1522 plus
1157 1445 1248 1514 utiles,
1273 1447 1300 1504 la
1311 1449 1364 1505 de-

237 1530 371 1608 scription
396 1529 446 1586 des
471 1528 554 1587 livres
581 1532 617 1588 de
646 1530 711 1588 luxe
738 1536 766 1588 et
795 1532 844 1588 des
872 1530 993 1588 editions
1013 1549 1106 1601 sares,
1146 1535 1174 1587 et
1197 1531 1247 1587 des
1271 1531 1363 1591 tablcs

237 1636 310 1695 pour
340 1614 427 1673 servir
460 1615 478 1672 a
509 1613 642 1672 l'histoire
671 1617 707 1672 de
730 1614 757 1672 la
778 1616 930 1674 me'decine.
973 1615 1052 1673 Paris
1073 1609 1165 1679 1827.
1192 1610 1241 1673 18.
1285 1628 1358 1693 (cfr,

238 1698 352 1767 Aligcm.
374 1696 466 1751 medic.
483 1696 584 1752 Auual.
604 1694 679 1750 1827.
702 1696 730 1752 S,
750 1694 840 1761 1619.)

474 1814 554 1910 Β.
599 1815 800 1912 Linus
823 1814 1080 1911 medeci.

192 1966 337 2030 Paschalis
359 1967 489 2029 Gallus
511 1970 678 2030 bibliotheca
703 1972 811 2030 medica
839 1973 896 2030 sive
922 1971 1068 2047 catalogus
1093 1967 1217 2046 illorum,
1251 1971 1298 2046 qui
1327 1990 1362 2029 ex

235 2055 364 2135 professo
386 2060 473 2114 artem
495 2059 631 2115 medicam
652 2058 680 2116 in
697 2057 771 2116 hunc
792 2071 882 2134 usque
913 2077 1014 2115 aunum
1041 2055 1151 2131 scriptis
1176 2055 1360 2129 illustrarunt,

237 2159 338 2217 nempe
362 2142 431 2214 quid
455 2144 631 2219 scripserint,
668 2143 732 2217 ubi,
767 2162 824 2217 qua
847 2144 954 2213 forma,
989 2159 1082 2215 quove
1102 2146 1230 2217 tempore
1257 2141 1363 2220 scripta

238 2243 339 2282 excusa
364 2230 414 2280 aut
438 2228 626 2302 manuscripta
649 2225 813 2284 habeantur.
857 2225 943 2285 Basil.
971 2221 1061 2284 1590.
1090 2219 1120 2280 8.

194 2307 280 2365 lsrael
302 2308 323 2362 S
331 2307 414 2382 pach
438 2309 630 2365 nomenclator
654 2308 818 2384 scriptorum
840 2309 1028 2384 medicorum,
1050 2308 1076 2364 h.
1103 2326 1126 2368 e.
1153 2306 1283 2367 elenchus
1312 2327 1362 2367 eo·

236 2409 309 2460 rum,
339 2391 386 2463 qui
414 2396 502 2449 artem
526 2392 663 2450 medicam
684 2393 740 2447 suis
766 2392 875 2468 seriptis
897 2391 1079 2466 illustrarunt,
1105 2394 1257 2450 secundum
1282 2393 1361 2451 locos

237 2492 397 2532 communes
421 2474 506 2551 ipsius
532 2475 693 2534 medicinae.
736 2473 867 2532 Francos.
894 2469 985 2532 1591.
1011 2470 1063 2538 8.‘

194 2557 239 2617 Jo.
266 2558 364 2633 Georg
386 2558 526 2618 Schenlr
553 2560 637 2618 biblia
668 2558 768 2633 jatrica
794 2578 817 2620 s.
848 2559 1016 2617 bibliotheca
1049 2558 1166 2616 medica.
1228 2557 1361 2619 Francos.

239 2638 331 2704 1609.
354 2638 384 2700 8.
430 2649 549 2717 (Ordine
570 2648 769 2718 alphabetico.)

194 2729 240 2788 Jo.
261 2729 419 2787 Antonides
441 2751 508 2789 van
535 2732 594 2789 der
616 2729 759 2787 Linden
785 2729 822 2787 de
846 2728 953 2806 scriptis
979 2727 1093 2785 medicis
1115 2726 1176 2784 libri
1199 2727 1264 2784 duo.
1288 2727 1360 2795 Qui-

237 2815 290 2873 bus
314 2815 500 2892 praemittitur
521 2815 702 2874 manuductio
725 2816 763 2871 ad
787 2814 961 2872 medicinam.
1014 2809 1169 2874 Amstelod.
1204 2807 1295 2875 1637.
1328 2809 1358 2872 8.

236 2898 382 2957 Editioues
405 2908 514 2959 auctae:
538 2899 654 2959 Amstel.
677 2894 769 2960 1651.
791 2894 832 2974 8.,
854 2893 1073 2961 61116628.
1097 2903 1264 2968 (Secundum
1277 2919 1359 2971 prae-

237 2989 370 3040 nominum
381 2991 500 3042 ordinem
517 2989 729 3057 alphabeticum
751 2988 921 3040 manuductio
944 2988 1023 3038 deest
1043 2986 1071 3038 in
1093 2988 1211 3039 secunda
1228 2993 1257 3038 et
1276 2988 1360 3040 tertia

238 3072 384 3138 editione.)
415 3103 458 3112 —-
493 3069 592 3127 Editio
621 3069 763 3146 posthuma
795 3068 936 3125 admodum
968 3073 1063 3124 urscia:
1110 3067 1217 3141 Georg.
1252 3066 1358 3131 Abrah.

237 3149 416 3209 Merclrlin
449 3152 603 3211 Lindenius
626 3158 784 3211 renovatus.
839 3151 965 3211 Norimb.
992 3145 1083 3208 1686.
1111 3146 1156 3226 4.,
1191 3168 1248 3206 cum
1272 3152 1362 3209 iudice

236 3253 325 3292 rmum
349 3238 394 3293 alb
415 3239 507 3299 titulo:
533 3238 570 3298 G.
592 3236 629 3299 A.
654 3237 830 3296 Merclrlin
852 3253 989 3314 cynosura
1014 3234 1123 3291 medica
1146 3234 1204 3291 sive
1228 3235 1265 3292 de
1293 3237 1360 3292 scri-

237 3321 293 3399 ptis
315 3321 427 3379 medicis
448 3323 518 3380 liber
541 3324 697 3394 secundus,
731 3322 968 3399 comprehendens
993 3320 1112 3378 iudicem
1133 3338 1225 3376 rerum
1247 3325 1275 3376 et
1301 3341 1360 3378 ma-

236 3406 368 3464 teriarum
393 3409 468 3466 med.
490 3414 545 3466 etc.
588 3407 715 3469 Norimb.
742 3403 832 3466 1686.
855 3404 884 3465 4.
920 3418 1008 3484 (Haec
1022 3415 1210 3469 Merclrliniana
1220 3417 1300 3472 editio
1310 3419 1359 3473 ad·

238 3487 339 3540 modum
357 3486 488 3542 laudabile
505 3505 570 3558 opus
587 3489 657 3542 sistit
674 3495 701 3542 et
718 3488 796 3541 hodio
812 3489 897 3541 adhuc
915 3503 1027 3539 summae
1045 3485 1188 3554 utilitatis.)

195 3558 307 3619 Cornel.
344 3579 361 3618 a
392 3561 574 3637 Beughem
606 3561 809 3639 bibliographia
842 3561 950 3619 medica
975 3566 1004 3617 et
1036 3559 1160 3636 physica.
1204 3556 1360 3622 Amstelod.

239 3640 330 3704 1681.
354 3641 405 3707 12.
439 3653 552 3720 (Libros
567 3651 690 3704 continet
702 3653 765 3703 inde
780 3653 814 3704 ab
832 3669 857 3703 a.
876 3650 952 3716 1652,
970 3665 1063 3718 parum
1074 3648 1160 3700 laudis
1172 3648 1226 3700 sibi
1237 3649 1360 3716 meruit.)

195 3726 279 3792 hlart.
304 3728 479 3807 Lipenius
502 3733 670 3791 bibliotheca
690 3732 772 3791 realis
795 3732 903 3790 medica
925 3732 1046 3787 omnium
1071 3730 1248 3787 materiarum
1268 3749 1361 3787 rerum

238 3818 267 3870 et
287 3814 430 3874 titulorum
450 3819 479 3876 in
501 3819 632 3877 universa
655 3818 792 3875 medicina
819 3815 1025 3884 occurentium,
1061 3815 1160 3872 ordine
1184 3814 1359 3893 alphabetico

238 3898 380 3974 disposita.
423 3900 554 3961 Francos.
581 3923 606 3965 a.
627 3902 666 3965 M.
700 3896 790 3962 1679.
822 3901 841 3958 1.
896 3911 974 3978 (Non
992 3911 1071 3964 solum
1091 3912 1123 3964 de
1140 3910 1283 3976 medicina,
1313 3911 1360 3964 sed

239 3977 317 4031 etiam
335 3977 368 4031 de
385 3980 532 4052 theologica
551 3992 577 4036 et
593 3984 707 4053 juridica
724 3990 751 4036 at
766 3981 942 4050 philosophica
961 3979 1098 4049 disciplina
1110 3980 1205 4032 similes
1216 3980 1361 4048 composuit

239 4048 383 4116 catalogos,
402 4067 491 4118 parum
509 4053 569 4105 fidei
589 4053 723 4116 habentes,
742 4052 792 4105 cfr.
811 4053 894 4103 Ebert
913 4051 1036 4121 bibliogr.
1056 4050 1146 4104 herile.
1164 4048 1201 4106 N.
1222 4049 1326 4117 12043.)

193 4119 232 4181 Η.
253 4119 372 4180 Lohalm
394 4121 513 4201 Meyer
539 4125 743 4203 bibliographia
767 4124 1017 4203 physico-medica,
1044 4124 1095 4180 das
1115 4124 1167 4179 ist:
1197 4121 1361 4181 historische

236 4204 427 4284 Abhaudlung
441 4213 522 4269 derer
539 4213 735 4270 vornehmsten
749 4210 967 4288 physicalischen
992 4209 1049 4266 und
1071 4208 1284 4267 medicinischen
1302 4207 1362 4263 Bii-

238 4291 314 4368 cher,
335 4293 438 4352 welche
452 4315 507 4354 von
530 4296 638 4354 uralten
659 4297 759 4353 Zeiten
780 4296 830 4354 her
851 4296 893 4353 bis
906 4296 959 4353 auf
970 4313 1022 4353 uns
1037 4292 1218 4369 geschrieben
1234 4292 1297 4350 siud
1308 4297 1361 4354 etc.

237 4371 391 4452 Liineburg
415 4374 505 4440 1704.
532 4375 581 4440 12.
625 4391 737 4458 (Ordine
759 4393 947 4462 systematico,v
982 4391 1110 4447 interdum
1128 4389 1217 4446 brevia
1235 4391 1268 4445 de
1288 4388 1361 4442 libris

235 4451 334 4520 judicia
350 4457 516 4526 adjiciuntur.
1206 4505 1213 4515 .
