2888 4958
601 265 741 328 Medicina
763 270 870 336 biblica.
1256 272 1319 337 100

186 418 364 495 maculogiae
396 437 508 494 sanae,
538 421 577 480 ds
596 423 767 500 antinoum,
793 424 884 482 cicuta
911 431 940 484 et
965 425 1042 502 pisce
1069 443 1174 502 magno
1206 426 1318 489 Tobiae

187 507 247 563 sive
260 503 358 576 aduro,
378 523 413 563 ex
430 505 517 563 tribus
532 517 650 566 naturae
659 508 753 583 reguis
764 509 932 568 desumtum.
964 509 1169 586 Gryphisuald.
1182 506 1275 575 1708.
1285 510 1315 574 4.

189 584 313 654 (Maioris
332 583 419 655 operis
438 586 600 655 prodromos,
617 589 687 657 quud
703 589 786 642 luceru
804 589 931 659 publicans
948 606 1000 643 uon
1012 590 1156 660 adspexit.)

96 697 99 700 -
142 659 190 722 lo.
214 659 274 719 lac.
293 658 394 717 Bose
415 659 499 736 (resp.
523 659 681 720 Hiclrmanu
705 657 773 742 etc.)
795 663 831 720 de
852 663 1014 741 potionibus
1035 664 1183 723 mortiferis
1208 667 1245 726 ad
1266 686 1316 728 rs·

188 745 245 804 rios
267 743 431 822 Scripturas
451 742 539 814 locos,
561 745 626 809 diss.
648 745 671 807 l.
693 753 722 806 et
744 746 778 810 ll.
822 745 900 826 Lips.
924 741 1016 808 1736.
1039 742 1132 812 1737.
1157 745 1187 812 4.

337 872 417 949 bb.
458 874 808 966 Msumnropsco
832 883 880 950 et
904 879 1124 954 chemino.

143 995 192 1056 De
214 995 270 1055 llll
289 998 408 1073 gemmis
428 997 571 1056 rationalis
592 1000 690 1057 summi
711 1001 865 1060 sacerdotis
886 1001 1042 1061 Hebraeos.
1067 1003 1116 1062 lib.
1143 1004 1181 1063 ad
1202 1002 1314 1064 Diodo-

188 1101 260 1139 rum.
289 1080 388 1140 Prodit
412 1101 487 1140 nuuc
506 1084 597 1160 primo
622 1103 658 1143 ex
678 1085 794 1162 antiqua
818 1086 946 1146 versione
972 1086 1058 1147 latina
1083 1089 1179 1148 studio
1210 1087 1313 1151 Fraus.

188 1166 365 1243 Poggiuii.
407 1167 491 1228 Rom.
515 1162 607 1232 1743.
631 1165 661 1233 4.

143 1247 235 1309 Andr.
255 1250 363 1311 Bacci
387 1250 415 1310 le
435 1251 489 1310 Xll
515 1254 604 1330 pietre
624 1254 749 1332 pretiose
774 1254 800 1314 le
822 1254 900 1331 quali
924 1256 1107 1316 adornavano
1127 1257 1139 1315 i
1159 1258 1315 1317 vestimenti

187 1335 233 1394 del
252 1354 362 1403 mmmo
384 1337 531 1395 sacerdote
557 1344 609 1397 etc
631 1339 715 1397 Rom.
741 1333 831 1400 1587.
852 1335 884 1405 4.
916 1372 959 1384 -
987 1339 1090 1400 Latios
1114 1348 1179 1402 cert.
1206 1342 1313 1420 Wolt'g.

186 1419 448 1481 Gabelchorer.
473 1420 606 1486 Francof.
630 1418 721 1482 1603.
737 1418 768 1486 8.

141 1505 203 1563 Jac.
229 1505 424 1585 Schopper
444 1505 559 1566 bibhsch
583 1506 895 1586 Edelgesteinbirchlein
924 1515 977 1573 etc.
1021 1507 1133 1573 Niirnb.
1161 1505 1313 1570 160419.

190 1586 256 1648 Cura
268 1590 344 1667 figg.
367 1591 444 1667 liguo
463 1593 542 1655 iuris.

141 1674 190 1732 Jo.
214 1675 372 1754 Spencer
396 1676 466 1733 urim
487 1682 518 1735 et
542 1677 696 1740 thummim.
739 1675 903 1753 Cantabrig.
928 1671 1018 1740 1670.
1040 1674 1070 1737 8.

141 1758 246 1818 Matth.
272 1757 394 1818 Hiller
415 1761 451 1820 de
479 1761 599 1836 gemmis
622 1761 676 1821 llll
705 1762 733 1820 in
761 1762 897 1839 pectorali
925 1760 1029 1820 Pontis.
1057 1761 1146 1827 Hebr.
1188 1761 1313 1840 Tubing.

185 1839 279 1910 1698.
303 1839 334 1906 4.
358 1878 402 1889 -
423 1843 538 1904 Accedit
558 1847 589 1904 S.
610 1845 840 1925 Epiphanius
862 1848 899 1905 de
919 1846 973 1904 XII
1000 1849 1118 1924 gemmis
1138 1867 1201 1906 cum
1225 1849 1314 1906 anirn-

184 1929 375 1992 adversionib.
397 1929 624 1990 Cl.Salmasii
640 1937 670 1990 et
685 1931 765 1989 aliur.
798 1931 921 2008 Tubing.
949 1927 1040 1991 1698.
1061 1927 1091 1995 4.
1134 1938 1206 2006 (cfr.
1229 1939 1311 1990 cour.

186 2011 320 2064 Gesner
337 2011 370 2063 de
387 2009 469 2065 fossil.
486 2011 583 2080 Tigur.
601 2011 675 2066 1565.
699 2010 737 2080 8.)

141 2083 187 2142 1ο.
202 2083 292 2143 chr.
316 2081 548 2143 Lesteveuou
570 2087 607 2144 de
621 2084 737 2161 gemmis
753 2084 782 2141 iu
799 2082 933 2161 pectorali
955 2089 1010 2142 etc.
1036 2101 1088 2142 nec
1105 2104 1164 2143 nou
1186 2085 1222 2144 de
1242 2083 1313 2164 lapi-

185 2169 243 2227 dib.
264 2168 303 2227 ad
323 2168 427 2227 Esaiae
446 2163 500 2245 54,
520 2188 547 2228 v.
573 2164 623 2229 11.
647 2165 695 2228 12.
739 2166 855 2226 hmstel.
882 2162 974 2228 1736.
996 2161 1025 2226 4.

142 2254 217 2312 Geo.
239 2252 313 2311 Guil.
336 2252 548 2312 Dietericus
569 2254 741 2313 duodeuiurn
762 2272 879 2311 sacrum.
916 2250 1076 2330 Numburg.
1102 2245 1193 2312 1714.
1218 2248 1249 2316 4.

141 2338 188 2396 1ο.
200 2337 297 2395 Joach.
308 2337 387 2396 Bell
396 2356 541 2397 ermann
563 2341 609 2397 die
626 2339 704 2398 Urim
723 2340 780 2396 und
792 2338 962 2412 Thummim‚
975 2337 1021 2396 die
1034 2339 1153 2396 iiltestcu
1166 2337 1310 2402 Gemmen

184 2420 278 2481 Berlin
297 2416 388 2482 1824.
400 2418 429 2481 8.
458 2421 488 2480 0.
511 2426 586 2481 dorse
607 2427 685 2501 picto
709 2426 832 2480 umtitrrm
854 2421 886 2486 S.
910 2421 1066 2481 Sacerdotis
1088 2423 1233 2482 exhibente.

141 2508 209 2569 Car.
230 2505 297 2569 Ant
316 2505 482 2585 Na'pione
503 2509 636 2566 memoria
658 2507 699 2566 sul
720 2507 845 2566 lincurio.
887 2508 971 2567 Rom.
998 2502 1089 2567 1795.
1114 2502 1145 2566 4.

141 2593 214 2655 Gen.
239 2591 348 2668 Wolsg.
366 2591 491 2651 Wedel
513 2594 551 2652 de
574 2593 682 2670 iaspide
703 2593 865 2671 scripturae.
909 2591 972 2651 Jeu.
995 2586 1088 2653 1700.
1110 2591 1197 2655 4.-
1214 2589 1310 2651 liseur.

181 2681 212 2735 iu
234 2676 335 2738 Wedel
355 2676 455 2739 Exere.
480 2679 555 2739 med.
581 2677 676 2757 philol.
713 2677 794 2735 Ceut
816 2677 837 2738 l.
860 2678 919 2734 dec
943 2671 995 2737 10.
1020 2696 1048 2734 u.
1070 2671 1101 2734 8.

137 2761 209 2822 Paul
231 2761 338 2841 Sperl
367 2762 404 2820 de
427 2762 513 2820 sacris
535 2763 644 2821 fabricis
670 2760 812 2820 metallicis
834 2760 976 2837 speciatim
1002 2758 1138 2835 samaria,
1170 2760 1208 2817 ad
1237 2757 1309 2816 titul.

180 2847 295 2906 Codicis
317 2847 353 2905 de
369 2846 441 2904 fabri
464 2838 601 2908 censibus.
645 2845 712 2905 Ulm
738 2839 831 2905 1743.
850 2839 880 2907 4.

136 2933 184 2992 Jo.
205 2931 350 3010 Rudolph.
375 2930 531 2990 Glauber
557 2933 594 2991 de
627 2929 691 2990 Elia
721 2929 835 3005 artista,
867 2927 919 2986 wie
945 2927 992 2985 die
1023 2925 1116 2984 wahre
1141 2924 1310 3005 spagirische

180 3016 302 3076 Medicin
324 3017 375 3074 der
397 3014 473 3074 alten
494 3014 665 3095 Aegyptia,
696 3035 729 3074 so
761 3013 805 3072 bei
831 3013 952 3073 tauseud
982 3011 1086 3070 Jahreu
1112 3009 1248 3088 verloren,
1273 3030 1309 3069 au

182 3120 327 3163 emeuem.
369 3096 549 3160 Amsterdam
571 3097 663 3164 1668,
689 3096 719 3164 8.
752 3103 807 3172 (Αά
835 3101 964 3156 chemlam
985 3108 1013 3154 ct
1035 3099 1204 3167 alchcmiaro3
1237 3118 1265 3156 v.
1294 3104 1308 3157 1

137 3179 497 3330 Geldfgl’llbllflgfqll'edel
521 3253 734 3333 propempticon
757 3253 794 3310 de
831 3251 893 3311 Elia
922 3251 1020 3310 artista
1052 3247 1130 3308 l-
1150 3249 1201 3314 lll.
1246 3250 1307 3310 Jeru

181 3334 274 3402 1718.
301 3333 393 3402 1719.
418 3333 449 3400 4.
471 3343 527 3411 (An
553 3343 678 3396 chemicis
703 3342 917 3395 adnumerandus
945 3341 1022 3394 Elias
1047 3341 1206 3410 propheta.)

136 3425 212 3485 l'etr.
239 3422 308 3488 hdr.
344 3422 450 3482 Gadd
482 3425 520 3484 de
555 3425 620 3484 satis
655 3423 787 3482 scientiae
806 3423 945 3482 memioae
973 3423 1025 3482 sub
1051 3421 1159 3501 epocha
1183 3421 1307 3478 Patruus.

178 3509 279 3569 Aboae
304 3502 395 3568 1763.
422 3502 452 3573 4.

452 3657 519 3711 oe.
560 3640 768 3712 Plumae
781 3640 993 3710 biblicae.

135 3745 271 3806 Edmund
293 3743 484 3803 Castellus
506 3746 596 3803 oratio
619 3764 706 3824 super
727 3742 805 3802 Aria
828 3763 888 3806 cau.
911 3743 957 3813 ll.‚
981 3757 1038 3816 qua
1058 3739 1104 3797 via
1122 3738 1305 3817 praestruitur

178 3850 213 3890 cx
238 3828 419 3909 scriptoribus
451 3829 631 3888 orientalibus
658 3829 758 3888 clarius
783 3827 931 3886 enarrandi
960 3823 1170 3900 botauologiam
1200 3823 1306 3883 Sacrae

179 3915 350 3994 scripturae.
392 3912 487 3978 Loud.
509 3909 601 3978 1657.
623 3908 733 3993 (1667)
753 3909 782 3970 4.

112 3997 235 4062 ¹Levin.
266 3997 434 4060 Lemnius
466 3999 674 4059 similitudinum
700 4017 734 4057 ac
767 3993 972 4075 parabolarum,
1004 3995 1127 4070 quaein
1153 3993 1243 4052 bibliis
1268 4011 1303 4050 ex

178 4084 271 4144 herbis
300 4091 387 4161 atque
407 4084 552 4142 arboribus
576 4085 770 4154 desumuntur,
795 4079 951 4158 explicatio.
994 4076 1137 4158 Antwerp.
1155 4073 1247 4137 1503.
1272 4072 1302 4134 8.

176 4170 246 4229 ibid.
269 4164 361 4230 1569.
378 4165 410 4228 8.
442 4168 585 4249 Erphord.
612 4162 702 4226 1581.
725 4161 756 4227 8.
790 4164 829 4222 ib.
868 4159 959 4228 1584.
981 4159 1011 4226 8.
1043 4183 1115 4241 saep.
1139 4195 1182 4209 -
1205 4157 1303 4219 Etiam

172 4247 276 4334 pluries
290 4273 346 4314 nrm
367 4252 523 4313 Vallesii
547 4251 724 4333 philosophia
744 4267 833 4308 sacra
848 4248 1062 4326 -Aogtucrt,
1080 4246 1182 4308 Thom.
1205 4243 1301 4305 Neur-

175 4349 252 4399 ton:
278 4358 316 4399 sn
340 4337 439 4398 herbar
464 4339 511 4398 ror
530 4339 580 4398 the
599 4337 689 4398 ursle.
721 4333 815 4399 Losa.
841 4327 984 4395 15818,
1018 4333 1302 4406 aususausus.

178 4420 336 4477 enumeratio
355 4435 412 4475 uum
429 4419 553 4492 descript.
571 4426 600 4474 et
616 4417 800 4489 etymologia.)
