2888 4958
220 304 285 369 212
565 304 705 365 Medicina
728 304 852 364 militaris
878 311 907 363 rt
929 302 1044 368 navalis.

222 455 542 576 xxm.
612 456 1020 577 motem
1055 451 1394 576 mediot-

125 662 130 671 ’
256 642 421 737 noe
451 615 857 736 militante
892 616 979 733 et
1004 611 1357 733 novatae.

532 862 592 935 a.
663 836 1076 935 Generatim.

222 1025 258 1089 A.
281 1027 318 1088 G.
341 1048 409 1088 von
431 1028 638 1087 Onsenoort
664 1029 700 1086 de
731 1029 856 1087 militaire
881 1027 1046 1102 Chirurgie,
1074 1023 1316 1102 gmohiedkundig
1339 1021 1389 1078 be-

265 1114 399 1172 rehoowd
430 1134 464 1171 en
492 1121 548 1171 met
573 1114 739 1190 betrekking
766 1120 811 1171 tot
835 1114 977 1171 denelver
997 1113 1185 1187 nitoesening,
1213 1129 1269 1167 zoo
1290 1108 1329 1183 bij
1352 1108 1389 1163 de

264 1197 408 1257 Laud-en
435 1200 571 1274 Zeemagt
593 1199 634 1257 ais
653 1200 682 1255 in
706 1199 742 1257 de
766 1197 906 1256 koioniale
927 1198 1020 1255 dienst
1046 1197 1194 1272 onderling
1220 1192 1388 1269 vergeleken

265 1292 316 1342 etc.
343 1283 462 1343 Utreoht
485 1278 575 1342 1832.
600 1280 631 1343 8.
656 1282 720 1341 Com
744 1283 820 1361 esfig.
842 1285 968 1343 auctoni.

221 1364 268 1426 Da
290 1368 381 1427 Olmi
403 1368 492 1446 precis
519 1369 816 1445 historico-phyeiqoe
840 1368 990 1444 d‘hygiene
1018 1366 1133 1438 navale3
1159 1364 1230 1423 suini
1249 1363 1317 1420 d'un
1338 1378 1387 1418 re-

265 1453 335 1511 cueil
364 1453 524 1530 analytique
550 1455 600 1511 des
625 1453 761 1511 meilleuro
782 1453 865 1510 dorits
889 1452 998 1530 publicis
1019 1471 1068 1509 sur
1093 1451 1134 1508 les
1160 1454 1272 1527 quattor
1296 1444 1393 1505 malo-'

265 1540 324 1596 dies
346 1538 385 1596 les
412 1539 474 1615 pins
498 1538 677 1596 rodoutabies
702 1556 757 1595 aux
785 1538 963 1612 navigateurs
987 1536 1154 1614 Europdens
1178 1555 1214 1594 en
1236 1531 1387 1606 Amdrique

264 1630 293 1680 et
313 1643 368 1682 aux
393 1623 477 1681 ludes
502 1632 553 1685 etc.
581 1622 659 1680 Paris
682 1617 772 1681 1828.
793 1618 824 1680 8.

221 1706 334 1765 Manuel
355 1708 565 1782 Rodriguez
587 1708 704 1765 defense
725 1708 763 1765 de
786 1705 814 1764 la
841 1705 996 1764 iittdraturo
1019 1703 1184 1782 Espagnole
1209 1722 1245 1761 en
1270 1697 1386 1776 general

263 1800 292 1850 et
317 1811 351 1850 en
374 1792 532 1869 partieniier
553 1794 589 1849 de
610 1792 637 1850 la
658 1792 796 1867 chirurgio
820 1792 953 1849 militaire.
978 1789 1090 1847 Madrid
1116 1789 1217 1863 (Paris)
1240 1779 1331 1844 1822.
1353 1778 1385 1844 8.

263 1873 332 1938 (cfr.
352 1889 455 1942 quoquo
474 1874 594 1938 Ejuod.
611 1876 697 1925 notice
714 1891 760 1925 ror
778 1871 907 1924 l’hirtoiro
925 1873 969 1924 der
986 1872 1097 1922 ocieuoer
1113 1871 1250 1922 roddionier
1267 1874 1294 1918 ot
1309 1865 1384 1918 teror

263 1945 350 1994 ootoet
371 1943 403 1993 do
426 1944 454 1993 la
476 1942 609 1993 medecina
630 1943 759 1994 mititoire
781 1959 813 1993 en
839 1943 967 2011 Erpogno
990 1939 1015 1992 in
1038 1938 1129 1992 Journ.
1152 1937 1331 2058 comgiemont.
1349 1933 1384 1986 du

264 2010 327 2066 dict.
345 2012 392 2064 der
409 2010 504 2066 seiano.
523 2011 589 2065 med.
608 2010 668 2064 vn.
693 2011 769 2076 1820,
788 2009 846 2064 cah.
863 2009 905 2065 25.
924 2008 995 2061 Juiil.
1017 2015 1045 2061 et
1062 2008 1120 2064 cah.
1139 2007 1181 2061 28
1230 2005 1315 2072 ctob.)

285 2166 347 2261 1».
404 2165 604 2262 ΠΜ
629 2165 718 2260 ad
743 2164 910 2260 med.
938 2162 1318 2261 nolitne-em.

218 2317 285 2381 Em.
308 2319 428 2376 Godofr.
452 2319 653 2394 Baldinger
677 2319 846 2378 introductio
869 2321 896 2378 in
918 2320 1047 2377 notitiam
1073 2320 1240 2397 scriptorum
1269 2313 1382 2374 medici·

260 2422 314 2460 nae
340 2403 463 2460 militaris
484 2404 602 2461 antehac
621 2404 696 2462 edita
717 2423 793 2461 nunc
812 2423 879 2462 vero
905 2405 1048 2462 limitatior
1071 2411 1100 2462 et
1120 2401 1321 2463 additamentis
1346 2397 1382 2458 ab

258 2492 373 2545 auctore
404 2488 507 2545 additis
533 2506 640 2546 recusa.
676 2487 770 2549 Berol.
801 2483 893 2549 1764.
923 2485 954 2548 8.
989 2493 1147 2563 (Adduntur
1167 2494 1268 2547 breves
1295 2490 1382 2543 inter·

260 2567 318 2620 dum
335 2568 423 2625 libror.
444 2571 588 2636 contorte.)

215 2746 269 2820 o.
333 2721 677 2821 Medicina
711 2722 1025 2820 militarie
1057 2722 1381 2819 veterum.

214 2877 246 2938 Ρ.
271 2877 491 2938 Kerkhoven
515 2881 580 2938 diss.
608 2881 645 2938 de
671 2880 827 2938 Machaona
855 2886 885 2937 et
909 2879 1049 2937 Podalirio
1077 2879 1171 2957 primis
1192 2878 1307 2936 medicis
1328 2875 1381 2934 mi-

257 2962 388 3021 litaribus.
420 2964 556 3040 Groning.
581 2959 672 3023 1837.
695 2960 724 3023 8.
762 2969 846 3036 (Quia
867 2969 938 3021 bello
968 2970 1089 3036 Trojano
1115 2967 1230 3020 Graecia
1251 2966 1381 3018 medioom

257 3060 332 3112 opem
348 3043 477 3105 tulerunt3
493 3046 541 3097 oft.
556 3045 661 3096 Homer.
672 3046 703 3100 11.
718 3045 813 3113 plurib.
828 3045 902 3110 locis,
919 3045 990 3101 Cels.
1005 3044 1137 3100 demedio.
1147 3045 1204 3097 libr.
1214 3046 1239 3099 1.
1249 3044 1380 3113 praefat.)

214 3113 278 3172 Car.
304 3115 368 3179 Glo.
390 3115 494 3174 Kiihn
519 3136 629 3193 progrr.
655 3117 689 3174 X.
713 3118 749 3176 de
771 3120 924 3176 medicinae
938 3119 1061 3175 militaris
1078 3120 1155 3196 apud
1166 3123 1273 3175 veteres
1287 3116 1379 3172 Grae-

256 3218 304 3256 cos
328 3200 528 3275 Romanosque
549 3200 718 3264 conditione.
742 3200 819 3279 Lips.
837 3197 1084 3262 1824-1827.
1109 3199 1139 3265 4.
1165 3206 1327 3276 (decoratae
1349 3210 1379 3254 et

255 3279 355 3332 auctori
373 3281 494 3349 propriae
512 3280 722 3352 disquisitionem
740 3300 792 3336 non
807 3283 918 3336 redeunt
935 3283 962 3336 in
979 3283 1108 3354 Opuroo.)

328 3433 388 3532 d.
447 3432 941 3558 Expeditiones
968 3437 1259 3535 nolitooe.

213 3602 383 3681 Dominiqne
408 3605 478 3665 Jean
510 3609 551 3667 de
578 3606 714 3683 Larroy
739 3608 855 3667 relation
890 3610 1044 3685 historique
1076 3616 1105 3668 et
1131 3605 1313 3682 chirurgioole
1341 3605 1378 3662 de

255 3683 432 3768 l’expedition
455 3695 491 3751 de
512 3693 622 3752 l‘arrne'e
647 3688 778 3752 d’Orient
787 3714 822 3752 en
833 3695 946 3773 Egypte
964 3701 1038 3753 eten
1050 3694 1139 3770 Syrie.
1151 3687 1377 3771 Aveossplonoh.

256 3773 335 3832 Paris
354 3797 392 3834 an
409 3777 449 3834 xl
476 3773 582 3855 (1803.
606 3771 712 3855 1804),
737 3773 766 3836 8.

215 3888 256 3901 -
278 3891 320 3902 -
341 3863 486 3921 memoires
508 3865 544 3921 de
565 3862 707 3923 me'decine
730 3869 759 3920 et
777 3864 814 3921 de
835 3862 972 3940 chirurgio
992 3861 1139 3921 militaires.
1154 3865 1232 3918 Avec
1247 3854 1286 3919 17
1298 3858 1379 3938 plan·

258 3941 330 4006 cher.
356 3945 419 4003 Vol.
446 3948 493 4009 tv.
516 3947 626 4026 [Etiam
647 3948 692 4006 rob
713 3948 805 4005 titolo:
837 3948 920 4006 Mem.
954 3951 990 4007 de
1013 3948 1077 4005 chit.
1103 3947 1179 4004 milit.
1208 3953 1238 4003 et
1264 3961 1378 4021 campa-

256 4046 326 4103 gnes
351 4031 389 4087 dn
414 4031 508 4089 Baron
535 4029 662 4112 Lnrrey.]
684 4022 1022 4092 Paris'1812-1817.
1047 4027 1076 4090 8.
1093 4064 1136 4074 -
1160 4029 1288 4086 German.
1311 4034 1377 4088 vert.

256 4119 281 4169 et
302 4114 432 4173 breviavit
453 4117 515 4179 Gsr.
541 4118 627 4176 Wilh.
649 4117 802 4176 Becker:
825 4116 1202 4192 medicinisch-ohirurgisoho
1217 4114 1377 4172 Denkwiir-

254 4197 405 4272 digkeiten.
425 4195 526 4260 2Bde.
549 4200 646 4281 Leipz.
673 4197 911 4267 1813-1819.
937 4199 966 4266 8.
992 4236 1033 4246 -
1059 4199 1376 4260 Medicinisoh-chirur-

255 4282 351 4356 gische
371 4282 596 4362 Abhandlungen
626 4286 666 4345 als
686 4285 833 4363 Nachtrag
856 4296 909 4347 etc.
932 4290 1022 4348 iibens.
1044 4288 1102 4344 und
1124 4287 1174 4344 mit
1201 4284 1294 4363 prakt.
1316 4281 1378 4341 An-

255 4366 359 4428 merkk.
384 4367 515 4445 begieitet
539 4391 594 4430 von
616 4372 712 4432 Heinr.
738 4371 862 4430 Robbi.
887 4373 985 4452 Leipz.
1007 4366 1100 4433 1824.
1121 4366 1152 4430 8.
1174 4403 1217 4414 -
1242 4368 1379 4444 Anglice:

254 4448 382 4524 Surgical
405 4455 521 4513 memoir
541 4457 577 4514 of
592 4457 641 4514 the
659 4456 781 4515 Bursian
802 4460 958 4536 campaign,
980 4448 1264 4534 Philadelph.1831.
1291 4449 1321 4511 8.
