2888 4958
502 275 625 341 scholae
647 281 676 339 et
700 278 816 360 oppida.
1201 277 1246 345 79

112 431 177 489 (tar.
196 430 258 485 Glc.
276 426 386 484 Heius
402 428 437 482 aa
455 429 641 483 Alexandrina
660 429 754 483 schola
775 436 802 483 et
817 428 964 483 medicinas
982 428 1011 483 ia
1028 431 1122 487 eadent
1144 449 1243 488 summo

106 505 178 570 flore
194 499 222 552 in
241 499 342 569 Opusc.
362 498 437 554 acad.
452 497 474 553 1.
495 497 565 564 109.)

26 625 30 630 .
67 575 133 637 Car.
155 574 221 638 Glo.
233 572 353 639 'Kiihn
374 570 486 629 scholae
500 570 625 628 medicae
642 566 847 629 Alexandrinae
867 569 983 629 historia
1004 591 1099 650 progr.
1116 572 1138 640 l,
1163 572 1243 652 Lips.

68 704 77 713 .
111 653 205 721 1832.
231 651 262 716 4.
285 690 329 701 -
349 655 438 715 Redit
460 659 490 714 in
512 654 609 731 Ejusd.
633 654 754 734 Opuacc.
776 656 856 719 acad.
879 655 943 714 Vol.
964 655 1001 715 ll.
1021 676 1053 737 p.
1063 653 1242 720 298-395.

504 804 541 860 1.
581 805 807 862 salmam.

68 910 177 976 Anton.
197 910 326 971 Manna
346 910 423 970 urbis
448 908 641 969 Salernitanae
664 909 780 968 historia
802 919 830 968 et
861 909 1057 986 antiquitates,
1087 909 1115 969 in
1141 909 1243 988 quibus

114 1000 216 1075 origo,
238 998 323 1070 situs,
344 996 477 1068 ubertas,
499 993 671 1073 respublica,
695 995 842 1073 primatus,
864 994 1004 1072 nobilitas,
1026 995 1176 1074 principes,
1196 1016 1243 1055 ec-

114 1082 232 1159 clesiae,
264 1081 397 1160 episcopi,
420 1079 629 1157 archiepiscopi,
651 1078 772 1138 illustres
797 1080 881 1152 cives,
910 1081 1051 1154 studium,
1082 1081 1243 1160 Hippocra-

114 1167 201 1227 ticum
221 1166 367 1243 collegium
388 1172 442 1229 etc.
465 1164 661 1223 dilucidantur.
705 1162 826 1244 Neapoli
852 1159 943 1229 1681.
969 1162 999 1228 4.
1025 1200 1068 1210 -
1095 1165 1191 1231 Recus.
1212 1169 1243 1226 tir

116 1251 241 1308 Graev.
256 1256 292 1309 et
308 1251 425 1313 Burm.
437 1250 509 1312 thes.
522 1250 650 1325 antiquit.
663 1254 692 1306 et
702 1249 837 1312 historiar.
850 1249 954 1309 ltaliae.
967 1252 1050 1314 Tom.
1060 1251 1110 1311 lX.
1118 1251 1186 1310 Pars
1193 1251 1241 1317 lV,

115 1331 240 1396 (Doctum
257 1348 334 1402 opus,
352 1330 471 1402 quamvis
488 1347 556 1400 quaa
573 1330 729 1383 medicorum
746 1337 807 1384 sunt
824 1331 975 1386 accuratius
998 1338 1026 1387 et
1049 1332 1150 1402 plenius
1171 1333 1242 1388 tradi

112 1399 278 1471 mm)
505 1468 543 1523 a.
577 1469 807 1526 rotomum.

68 1574 187 1637 satura
205 1573 402 1634 Universitatis
430 1571 600 1633 Artistarum
625 1579 654 1632 et
676 1573 850 1633 Medicorum
874 1574 1002 1634 Patavini
1025 1575 1171 1654 Gymnasii
1191 1578 1242 1637 de-

113 1678 174 1718 nuo
199 1664 331 1721 coneda.
379 1659 477 1722 Patav.
504 1655 595 1722 1570.
616 1652 647 1722 4.

68 1742 173 1805 Franc.
196 1743 364 1803 Bosellns
393 1743 562 1804 amaltheam
594 1740 901 1807 medico-historicum.
944 1739 1071 1803 Accessit
1101 1746 1242 1823 geminum

113 1827 307 1888 corollarium:
334 1828 463 1888 Encomii
490 1831 519 1889 in
540 1827 629 1890 Acad.
658 1827 795 1886 Patavina
816 1829 969 1888 medicinae
993 1831 1184 1908 professorum
1205 1832 1242 1892 ab

113 1932 189 1972 anno
215 1909 296 1974 1631
326 1919 355 1972 et
385 1913 480 1991 Elogii
507 1913 619 1994 publica
643 1912 671 1971 in
700 1912 867 1971 bibliotheca
892 1914 995 1972 ibidem
1023 1915 1139 1975 heroum
1161 1918 1241 1997 depi-

114 2006 232 2061 ctorum.
275 1999 374 2061 Palav.
398 1994 489 2060 1668.
512 1996 542 2062 4,
573 2001 733 2071 (Generalis
760 2003 882 2054 continet
910 2003 945 2055 de
974 2003 1064 2057 studio
1093 2015 1122 2057 et
1148 2006 1241 2059 officio

114 2078 209 2132 medici
226 2089 383 2151 praecepta,
407 2081 455 2133 sub
478 2081 555 2134 finem
573 2079 663 2149 aliqua
680 2078 723 2136 ad
738 2077 870 2132 historiam
889 2078 967 2131 studii
985 2079 1078 2132 medici
1096 2081 1240 2150 Patavini.)

58 2151 165 2211 ‘'Carol.
193 2151 302 2211 Patin
329 2153 438 2229 lyceum
463 2153 629 2212 Patarinum
651 2169 672 2209 s.
698 2151 793 2209 icones
829 2157 858 2209 et
877 2152 951 2210 vitae
972 2153 1162 2231 professorum
1187 2154 1242 2213 Pa-

113 2236 182 2295 tavii
206 2231 290 2296 1682
318 2236 429 2315 publice
457 2238 625 2296 docentium.
659 2235 728 2294 Pars
754 2237 774 2299 l
804 2235 969 2312 theologos,
1000 2237 1184 2318 philosophos
1212 2244 1242 2298 et

113 2320 237 2417 medicos
265 2321 461 2417 complectens.
504 2322 602 2382 Patav.
625 2316 717 2383 1682.
742 2316 773 2384 4.
806 2321 878 2381 Cum
899 2317 941 2381 33
964 2322 1034 2401 figg.
1055 2325 1157 2388 aeneis.
1181 2329 1242 2398 (Nil

70 2400 455 2537 chpppbtpplopponppuner
473 2472 538 2533 iura'
558 2479 588 2534 et
608 2474 753 2553 privilegia
774 2474 897 2533 doctoris
921 2477 1074 2535 medicinae
1089 2477 1243 2556 diplomate

114 2559 252 2617 Patavino
287 2578 419 2638 expressa
448 2565 477 2619 et
505 2559 650 2618 illustrata.
692 2561 756 2619 len.
785 2555 875 2623 1793.
896 2556 926 2623 8.
960 2566 1098 2636 (Diploma
1119 2568 1242 2621 doctoris

114 2639 232 2693 Paduani
251 2641 343 2695 dedic
360 2640 403 2696 28.
422 2641 569 2712 Septembr.
590 2640 657 2695 1696
675 2658 732 2694 cum
750 2640 961 2709 commentario.)

70 2707 164 2773 Andr.
185 2713 411 2792 Comparetti
432 2713 532 2790 saggio
562 2714 634 2772 della
656 2712 752 2772 scuola
773 2713 870 2770 clinica
890 2713 965 2771 uello
983 2712 1100 2793 spedale
1132 2714 1161 2771 di
1187 2712 1243 2772 Pa·

115 2797 200 2860 dora
241 2797 360 2857 Padova
381 2793 472 2862 1792,
493 2793 524 2861 8.

71 2879 155 2944 Gius.
186 2881 426 2942 Montesanto
458 2882 524 2941 dell'
555 2882 661 2960 origine
693 2879 768 2939 della
796 2877 892 2939 clinica
920 2879 1028 2938 medica
1058 2878 1087 2937 in
1114 2876 1242 2953 Padova,

114 2967 247 3025 memorie
268 2968 507 3028 storicooritiche.
560 2966 678 3025 Padova
704 2959 796 3027 1827.
815 2958 845 3023 8.
869 2969 971 3036 (Jama
996 2969 1040 3022 Jo.
1060 2968 1143 3039 Bapt.
1163 2968 1243 3022 Mon-

114 3055 188 3118 tano,
200 3049 220 3116 †
233 3048 311 3115 1551,
329 3047 506 3105 institutiones
523 3047 629 3102 choicus
643 3047 671 3100 io
690 3045 838 3101 nosocomio
851 3045 1003 3100 Patavieosi
1021 3043 1125 3101 habitas
1139 3043 1243 3115 luisse.)

520 3186 560 3242 4.
594 3186 793 3242 Benenato.

71 3288 178 3349 Bartob
204 3286 392 3351 Albertini
419 3291 550 3368 catalogo
578 3291 607 3348 di
628 3292 694 3349 tutti
715 3291 725 3349 i
749 3291 855 3350 dottori
878 3290 924 3349 del
941 3290 1059 3368 collegio
1073 3290 1243 3368 Bolognese.

114 3374 171 3435 Ed.
192 3374 238 3434 Jo.
265 3375 348 3456 Bapt.
370 3375 544 3440 cavazza.
582 3375 715 3452 Bologna
736 3371 828 3439 1664.
850 3373 879 3438 4.
907 3382 988 3448 (Post
1012 3391 1125 3434 mortem
1149 3389 1243 3433 aueto-

117 3455 156 3508 ris
174 3456 259 3509 edidit
276 3457 320 3523 0.,
338 3456 383 3526 qui
407 3457 475 3510 sicut
498 3467 592 3511 auctor
616 3457 726 3526 collegio
755 3457 912 3511 Bononiensi
929 3464 987 3511 erat
1004 3476 1022 3513 a
1036 3456 1148 3522 litterisr
1174 3454 1243 3508 incl·

117 3523 157 3594 pit
173 3525 309 3594 catalogus
326 3527 359 3579 ab
378 3543 445 3580 anno
463 3526 552 3594 1156.)
730 3549 731 3552 ’

71 3593 118 3659 Jo.
143 3598 227 3675 Bapt.
253 3599 401 3658 Bianehi
426 3599 515 3659 oratio
537 3601 574 3657 de
594 3598 754 3657 academiae
775 3598 961 3657 Bononiensis
983 3594 1160 3672 antiquitate,
1183 3594 1243 3671 ejus

116 3683 307 3760 professorum
330 3683 491 3743 excellentia
513 3690 542 3742 et
562 3683 648 3741 studii
670 3683 770 3742 medici
792 3684 819 3742 in
849 3682 895 3740 illa
916 3683 1002 3743 cultu.
1047 3678 1146 3737 Colon.
1164 3676 1243 3736 Atto-

117 3766 198 3842 brog.
222 3765 355 3845 (Gener.)
378 3764 469 3830 1721.
491 3763 522 3831 4.
549 3799 590 3810 -
620 3766 744 3843 Ejusd.
779 3768 816 3826 dc
842 3767 946 3825 meritis
974 3763 1193 3823 Bononiensium
1214 3765 1243 3825 in

115 3852 282 3910 medicinam
304 3853 405 3914 oratio.
449 3852 556 3911 Gener.
583 3846 674 3916 1723.
689 3847 718 3914 4.

70 3933 135 3996 Jos.
156 3935 242 3997 Ferd.
265 3936 480 3998 Guilelmini
504 3938 542 3997 de
561 3935 641 3996 claris
666 3935 814 3997 Bononiae
830 3931 1001 3992 anatomicis.
1022 3931 1134 3999 Bonon.
1149 3927 1243 3996 1735.

114 4013 147 4082 4.
170 4012 275 4088 (1755,
299 4023 331 4098 f.)

549 4152 587 4209 ὅ.
620 4154 762 4210 Roma.

72 4254 205 4337 Prosper.
227 4256 436 4318 Maudosius
461 4264 610 4338 θεατρον,
639 4258 668 4316 in
696 4276 753 4333 quo
780 4255 961 4313 maximorum
987 4249 1138 4311 Christiani
1167 4249 1243 4310 orbis

113 4341 284 4404 Pontificum
306 4345 459 4404 archiatros
480 4344 651 4422 spectandos
677 4341 797 4400 exhibet.
840 4340 923 4401 Rom.
947 4333 1038 4399 1696.
1059 4333 1089 4396 4.
1115 4367 1158 4379 -
1182 4333 1242 4395 Be-

113 4446 169 4493 cus.
191 4446 249 4492 curn
286 4426 369 4494 Guet.
401 4426 513 4490 Marini
541 4447 620 4508 opere
651 4427 747 4487 similis
779 4427 931 4503 argacmmti
961 4423 1045 4486 Rom.
1078 4415 1170 4486 1784.
1209 4416 1241 4486 4.
