2888 4958
644 318 785 378 Medicina
808 317 933 396 antiqua.

241 480 346 547 tracta,
380 473 418 531 ad
439 473 579 549 quendam
607 473 706 531 Galeni
730 472 823 530 locum
848 491 866 529 a
890 471 998 546 magnis
1021 470 1119 528 criticis
1146 470 1250 528 frustra
1272 473 1367 527 tenta-

241 567 300 618 tum
328 558 520 617 illustrandum
549 565 579 617 et
603 558 808 616 vindicandum.
863 557 957 614 Viteb.
980 549 1071 615 1763.
1094 552 1124 616 4.
1150 587 1193 598 —
1226 554 1314 611 Redit
1337 556 1368 612 in

242 646 293 707 Tr.
318 644 439 721 Opusec.
461 643 524 706 vot.
546 643 567 700 1.
595 638 686 706 1766.
709 664 736 720 p.
753 636 934 700 544-555.
964 643 1366 712 (Gal.cnmm.1.inHippocr.

241 725 258 780 l.
278 725 310 776 de
327 725 461 789 articulis,
486 725 526 778 ed.
546 724 639 789 Kirhn,
673 732 733 776 tom.
758 722 860 778 xvtlt.
879 741 905 792 p.
923 720 990 775 3622
1027 719 1091 775 ὅσοι
1109 717 1158 774 διὰ
1179 717 1261 787 λιμὸν
1278 714 1297 789 ἢ
1316 716 1366 773 διὰ

241 794 406 861 πολιορκίαν
426 813 450 850 rr.
468 813 493 850 τ.
511 795 552 858 l.;
569 811 621 848 uon
638 811 696 847 esse
713 792 848 862 legandum
869 791 1064 860 noluopylno.)

572 963 640 1020 ΜΜ.
696 964 979 1018 Oribnsins.

198 1071 264 1134 Chr.
288 1070 408 1130 Godotr.
434 1067 575 1129 Grnner
597 1088 694 1148 progr.
723 1071 796 1129 inest
818 1069 938 1128 Oribasii
960 1068 1161 1128 medicinalium
1186 1066 1365 1126 collectorum

241 1156 310 1213 liber
334 1156 357 1217 1.
380 1163 410 1217 et
429 1156 462 1218 11.
486 1162 515 1213 01
546 1155 734 1231 fragmentum
762 1155 839 1214 aliud
863 1175 879 1213 e
907 1156 1003 1214 codice
1022 1155 1187 1230 Musquensi
1208 1172 1284 1211 nunc
1309 1153 1366 1230 pri-

241 1261 316 1299 mum
338 1260 380 1316 gr.
403 1248 433 1299 et
453 1241 501 1298 lat.
545 1240 606 1298 Jen.
630 1235 724 1302 1782.
748 1235 778 1299 4.
824 1246 950 1313 (Progrr.
966 1245 1018 1297 duo
1037 1262 1071 1297 ex
1086 1245 1181 1296 eodem
1195 1243 1299 1309 codice,
1321 1240 1366 1311 qni

240 1321 346 1374 editioni
364 1321 560 1375 Matthiacauaa
576 1321 716 1388 inserviit.)

626 1491 691 1546 NN.
743 1493 930 1547 Aetius.

199 1599 243 1656 Jo.
266 1598 334 1656 Ern.
360 1597 606 1657 Hebenstreit
629 1603 771 1656 tentamen
789 1597 1061 1676 philologico-med.
1087 1598 1187 1657 sistens
1207 1593 1282 1656 Aelii
1304 1595 1364 1654 libri

241 1682 290 1747 111.
312 1684 420 1760 aliquot
442 1683 542 1759 capita.
585 1682 665 1760 Lips.
687 1676 779 1742 1757.
804 1680 833 1740 4.

199 1798 243 1819 -.-
264 1799 307 1810 -
328 1766 402 1824 Aelii
422 1764 551 1823 Amideui
573 1760 745 1830 0111111161ον
768 1767 815 1826 111).
837 1767 888 1828 lx,
914 1785 976 1843 cap.
1004 1766 1148 1842 xxviii,
1171 1765 1305 1825 exhibens
1319 1770 1365 1824 te-

240 1850 345 1908 nuioris
371 1851 494 1908 intestini
515 1852 654 1928 morbum,
675 1871 759 1927 quem
780 1851 856 1908 lleon
879 1857 910 1909 et
930 1852 1126 1930 Chordapsum
1148 1852 1255 1910 dicunt.
1299 1850 1366 1909 Una

240 1954 304 1993 cum
335 1941 459 1993 velerum
486 1955 570 2012 super
599 1938 651 1995 hac
678 1937 871 2013 aegrotatione
896 1937 1050 1997 sententiis.
1103 1935 1183 2014 Lips.
1213 1929 1304 1997 1757.
1333 1931 1363 1998 4.

242 2015 412 2083 (Fragmenta
430 2033 463 2068 ex
480 2018 549 2069 Aetli
569 2017 635 2072 libro
653 2017 700 2072 lX.
720 2035 816 2086 graece
834 2019 945 2070 nondum
963 2018 1055 2085 edito.)

198 2088 264 2149 Car.
286 2090 429 2165 Weigel
444 2091 527 2166 (resp.
539 2090 628 2170 Leop.
641 2090 795 2168 Reiuhold)
821 2089 1003 2149 Aetianarum
1024 2090 1250 2149 exercitationum
1273 2089 1363 2167 speci-

239 2194 312 2232 men.
341 2173 421 2251 Lips.
445 2168 537 2234 1791.
562 2172 592 2235 4.
638 2180 779 2248 (Weigalii
794 2197 871 2248 opus,
888 2181 935 2249 qui
949 2179 1058 2233 Actium
1073 2180 1156 2231 edere
1171 2180 1242 2250 apud
1257 2197 1288 2232 se
1300 2197 1363 2232 cou-

240 2255 371 2318 stituerat‚
391 2253 482 2307 codice
500 2256 614 2322 pretioso
633 2256 667 2308 ad
685 2258 711 2310 id
729 2258 893 2324 instructus.)

196 2328 243 2386 Jo.
264 2327 362 2400 Magn.
385 2345 402 2383 a
427 2326 641 2402 Tengstriirn
662 2327 766 2408 (praes.
788 2329 874 2386 Gabr.
900 2322 1075 2411 Bonsdorff)
1098 2328 1364 2387 commentationum

239 2411 267 2467 in
299 2409 372 2468 Aetli
399 2411 497 2468 medici
520 2407 665 2476 α’νέκδοτα
696 2433 771 2492 spec.
798 2413 819 2471 l.
848 2415 948 2472 sistens
976 2413 1037 2471 libri
1062 2414 1110 2473 tx.
1143 2431 1205 2491 cap.
1220 2409 1272 2474 41.
1293 2412 1364 2495 περὶ

239 2488 412 2568 α’σκαρίδων
437 2490 494 2577 (gr.
517 2497 590 2576 lat).
633 2491 846 2560 1110101817.
872 2493 901 2557 4.

196 2580 288 2657 Chph.
319 2580 492 2639 Oroscius
528 2577 764 2665 (11οΗ010100)
801 2583 999 2641 annotationes
1032 2581 1061 2640 in
1084 2581 1251 2659 interpretes
1279 2577 1363 2641 Aetii.

237 2664 323 2723 Basil.
348 2659 439 2730 1540.
461 2660 491 2728 4.

561 2815 624 2871 00.
659 2818 810 2870 Alexander
831 2816 994 2872 1101110111.

196 2921 293 3000 (Eds.
319 2920 506 2999 Milnard)
528 2922 687 2981 Trallianus
711 2924 879 2982 reviviscens
902 2943 935 2981 or
958 2941 996 2981 an
1016 2927 1136 2981 account
1159 2922 1193 2978 of
1203 2920 1361 2982 Trallianus

238 3025 292 3062 one
315 3004 348 3062 of
365 3007 413 3064 the
439 3007 523 3080 greelt
544 3007 650 3064 writers
672 3007 734 3065 who
761 3009 894 3068 florished
909 3009 982 3066 after
1003 3006 1138 3083 Galenus,
1162 3006 1287 3082 shewing
1300 3009 1362 3066 that

237 3089 318 3145 these
340 3089 456 3147 authors
477 3109 525 3148 are
550 3093 592 3150 sar
614 3091 686 3148 from
712 3093 860 3170 deserviug
881 3093 930 3151 the
951 3092 1119 3172 imputatiou
1141 3090 1175 3148 of
1185 3109 1262 3149 mere
1284 3113 1361 3151 com-

237 3172 362 3250 pilatore.
405 3172 529 3234 London
552 3170 644 3238 1734.
666 3171 697 3238 8.

596 3359 650 3414 ΡΡ.
688 3361 788 3415 Paulas
805 3358 948 3430 Aeginctn.

195 3463 284 3525 Henr.
311 3460 504 3541 Eggeling
528 3465 601 3544 disp.
631 3485 688 3543 qua
710 3471 816 3543 qrranta
834 3484 869 3524 ex
889 3463 1009 3524 lectione
1029 3461 1108 3521 Pauli
1130 3457 1231 3539 hegin.
1258 3463 1362 3523 utilitas

238 3549 378 3625 speranda
403 3550 438 3606 sit
463 3550 628 3612 declaratur.
672 3551 805 3614 Francos.
828 3552 865 3610 atl
883 3551 981 3612 Viadr.
1005 3544 1097 3608 1541.
1122 3541 1151 3611 8.

195 3631 309 3690 liudolf.
336 3632 487 3707 Angustin.
520 3634 638 3712 Vogel
671 3637 707 3694 de
732 3636 810 3695 Pauli
835 3632 990 3712 Aeginetae
1019 3633 1121 3693 meritis
1142 3633 1170 3688 in
1195 3632 1362 3692 medicinam
1434 3656 1443 3664 ·

236 3717 425 3794 imprimisque
447 3720 613 3797 chirurgiam
627 3722 750 3799 prolusio
776 3722 798 3784 1.
821 3728 850 3779 01
875 3721 910 3778 11.
954 3719 1083 3794 Gotting.
1107 3711 1199 3776 1768.
1221 3711 1312 3776 1769.
1330 3713 1360 3776 4.

196 3799 260 3861 Car,
277 3800 341 3860 Glo.
364 3802 466 3860 Kiihn
487 3825 582 3882 progr.
605 3807 641 3862 de
656 3807 854 3864 additamentis
870 3805 1047 3880 quibusdam,
1074 3820 1147 3878 quac
1165 3803 1194 3860 in
1208 3801 1272 3864 cod.
1287 3809 1361 3860 msto

182 3881 187 3891 '
238 3882 315 3941 Pauli
341 3884 496 3962 Aeginetae
520 3909 537 3946 a
558 3890 701 3968 Scaligero
724 3897 833 3968 reperta
859 3890 986 3961 fuerunt,
1008 3906 1075 3945 num
1097 3886 1136 3943 ad
1156 3885 1238 3961 hujus
1260 3887 1362 3945 medici

239 3970 388 4028 secundam
411 3973 571 4048 editionem,
597 3975 633 4032 ab
653 3979 767 4032 auctore
786 3975 848 4052 ipso
867 3976 979 4048 factam,
1001 3972 1129 4031 concludi
1150 3969 1248 4050 possit,
1274 3988 1363 4048 quae-

238 4054 314 4113 ritur.
359 4053 435 4132 Lips.
460 4053 553 4118 1818.
577 4056 607 4121 4.
652 4063 783 4133 (Scripta
803 4069 916 4116 eranta
938 4062 1079 4131 Scaligero
1094 4061 1129 4114 ad
1143 4059 1290 4128 marginem
1304 4060 1362 4113 edi-

240 4135 317 4188 tionis
335 4135 454 4203 Aldinae,
472 4146 555 4194 sumtn
573 4158 589 4194 e
607 4140 664 4197 cod.
683 4147 765 4209 arato;
783 4141 925 4212 exemplum
943 4139 1007 4194 illud
1025 4139 1064 4193 ed.
1089 4137 1149 4194 Ald.
1167 4141 1319 4191 asservatur
1335 4137 1362 4190 iu

241 4204 303 4261 bibl.
319 4204 489 4276 Havniensi.)

195 4277 239 4341 Jo.
263 4277 332 4339 Ern.
355 4278 596 4340 Hebenstreit
621 4278 691 4361 περὶ
717 4275 956 4364 α’ναφωνήσεως,
981 4283 1019 4340 de
1040 4278 1260 4350 declamatione,
1288 4278 1362 4336 auti·

237 4378 311 4437 quae
345 4365 537 4438 gymnasticae
557 4371 657 4445 parte,
691 4367 729 4424 ad
756 4366 836 4426 Pauli
861 4367 1016 4446 Aeginetae
1044 4365 1064 4428 1.
1087 4359 1114 4422 l.
1137 4382 1161 4427 e.
1185 4357 1237 4424 19.
1263 4381 1361 4441 progr.

236 4444 315 4526 Lips.
342 4442 464 4529 (1753.)
490 4444 520 4507 4.
898 4482 904 4490 ¹
1025 4489 1029 4499 ι
