2888 4958
519 317 684 377 Herodotus
707 348 751 361 --
779 311 932 397 Appianas.
1271 321 1312 387 37

139 473 176 533 Ε.
199 471 264 530 Glo.
289 471 387 530 Bose
411 488 506 548 progr.
533 469 570 528 de
594 470 761 546 Scytharum
792 465 877 554 νόσῳ
906 470 1016 555 θηλείᾳ
1048 475 1084 531 ad
1117 473 1311 536 illustrandum

183 559 274 616 locum
295 556 445 615 Herodoti.
489 554 569 633 Lips.
594 549 685 615 1778.
705 550 736 617 4.
780 559 830 627 (Η.
845 560 932 613 locum
947 559 995 612 lib.
1011 561 1034 612 l.
1049 580 1078 632 p.
1095 566 1153 630 105,
1171 566 1214 617 ed.
1230 568 1310 620 Wes.

183 638 282 705 seling,
319 634 438 706 corporis
462 643 490 688 et
508 635 584 688 animi
602 634 760 688 debilitatem
779 636 919 705 designare
938 653 993 689 cum
1012 636 1164 707 impotentia
1183 643 1310 708 coeundi3

183 710 231 760 cfr.
251 706 313 761 Chr.
332 706 454 771 Heyne
472 705 505 757 de
522 703 633 757 maribus
655 705 724 756 inter
743 704 857 772 Scythas
875 707 964 758 morbo
983 705 1137 760 effeminatis
1154 717 1181 762 et
1199 710 1231 763 de
1249 712 1309 764 her-

182 774 352 845 maphroditis
371 772 493 826 Floridae
507 773 533 824 in
551 773 692 826 comment.
717 789 770 825 soc
795 772 916 840 Gotting.
937 772 1012 831 1779.
1031 776 1093 830 Vol.
1112 778 1134 828 Ι.
1158 795 1183 846 p.
1200 779 1258 848 28.)

139 849 204 908 Car.
227 847 304 905 Gnil.
333 845 440 904 Starlr
464 848 500 904 de
519 839 621 926 νούσῳ
643 848 754 927 θηλείᾳ
773 847 851 923 apud
872 846 1062 925 Herodotum,
1083 849 1217 925 prolusio.
1245 852 1309 912 Jen.

184 928 277 994 1827.
307 925 337 992 4.
385 935 459 1001 (cfr.
480 933 692 986 Friedreich
712 933 841 1002 Magazin
865 952 914 986 aur
936 935 1180 990 Seelenheillrunde
1206 940 1266 992 Huc.
1290 942 1308 993 Ι.

184 1012 262 1066 1829.
286 1013 315 1068 S.
334 1011 376 1066 71.
394 1010 600 1080 ejusdemque
618 1010 763 1063 Analelrten
782 1026 830 1062 zur
845 1009 946 1063 Natur-
965 1029 991 1067 u.
1010 1011 1095 1068 Heillr.
1116 1014 1192 1071 1831.
1210 1017 1239 1070 S.
1257 1016 1308 1080 283

185 1080 396 1135 Rosenbaum
413 1079 455 1131 die
472 1078 635 1132 Lustseucbe
652 1078 686 1131 im
704 1079 848 1132 Alterthum
866 1078 941 1133 1839.
961 1081 991 1135 S.
1012 1082 1083 1149 141.)

141 1155 261 1212 Graaf
277 1151 398 1293 (Grag)
419 1155 529 1230 θηλεια
546 1170 658 1226 νουσος
679 1169 730 1210 seu
750 1149 863 1210 morbus
885 1152 1020 1211 femineus
1035 1155 1209 1231 Scytharum.
1235 1158 1309 1218 Wir·

183 1240 386 1303 ceb·⁵·³··
565 1331 626 1388 DD.
679 1331 893 1386 Ctesias.

138 1438 173 1499 A.
198 1439 231 1504 F.
254 1440 331 1498 Graf
350 1459 377 1503 v.
402 1437 585 1498 Veltheim
608 1437 704 1496 Etwas
724 1439 794 1498 iiber
817 1439 863 1497 die
890 1434 1093 1517 Onyrgehirge
1117 1443 1168 1501 des
1196 1437 1309 1503 Ktesias

182 1527 241 1583 und
266 1527 321 1583 den
346 1523 460 1582 Haudel
485 1524 536 1580 der
565 1520 648 1581 Alten
674 1523 746 1581 nach
773 1523 931 1582 Ostindien.
982 1526 1145 1586 Helmst'adt
1167 1523 1257 1588 1797.
1279 1524 1308 1588 8.

184 1609 364 1668 Emendatum
378 1609 450 1666 redit
464 1610 495 1665 in
510 1607 535 1665 E
539 1607 633 1683 jusd.
654 1606 767 1666 Samml.
783 1628 810 1670 v.
821 1607 987 1686 Aufsiitzem
1010 1611 1108 1669 ebend.
1123 1607 1213 1671 1800.
1226 1608 1255 1676 8.

139 1728 184 1738 --
203 1727 247 1738 -
267 1695 332 1753 Von
354 1695 409 1752 den
434 1691 666 1768 goldgrabenden
699 1691 828 1751 Ameisen
858 1696 917 1752 und
951 1695 1066 1753 Greisen
1089 1697 1139 1754 der
1160 1696 1244 1756 Alten
1264 1699 1310 1756 bei

182 1779 304 1838 Ktesias.
346 1778 466 1840 Helmst.
492 1771 585 1836 1799.
606 1771 636 1836 8.
663 1810 702 1820 -
731 1775 877 1836 Emendat.
901 1779 973 1838 redit
993 1783 1024 1838 in
1044 1779 1171 1856 Ejusd.
1199 1783 1310 1841 Samm-

183 1865 252 1941 lung
270 1883 297 1924 v.
318 1860 483 1922 Aufsitzen.
526 1861 646 1920 Helmst.
670 1856 762 1922 1800.
788 1858 818 1921 8.

498 2010 559 2068 RE.
615 2011 946 2079 Thucydides.

138 2117 345 2177 Praelectiones
366 2117 502 2190 Marciae,
539 2118 597 2175 sive
620 2116 818 2174 commentaria
842 2117 870 2174 in
896 2116 1071 2194 Thucydidis
1093 2118 1235 2177 historiam
1259 2139 1309 2178 seu

183 2205 370 2262 narrationem
396 2204 433 2260 de
457 2209 538 2281 peste
561 2201 790 2273 Atheniensium,
816 2221 850 2259 ex
873 2221 921 2259 ore
942 2202 1022 2260 Fabii
1046 2202 1205 2277 Paulini,
1241 2203 1309 2261 Cili-

182 2289 275 2346 nensis
295 2287 453 2366 philosophi
476 2306 509 2345 ac
534 2287 643 2363 medici,
664 2287 693 2343 in
715 2286 825 2344 Veneto
848 2288 994 2363 gymnasio
1021 2288 1058 2345 ad
1078 2287 1144 2345 Divi
1160 2287 1247 2346 Marci
1267 2289 1309 2347 bi·

181 2373 366 2520 bliothecam)
380 2377 497 2450 excepta
523 2377 553 2429 et
577 2372 660 2429 edita.
709 2371 812 2432 Venet.
832 2389 877 2450 ap.
900 2371 979 2430 lunt.
1005 2367 1098 2432 1603.
1124 2368 1153 2430 4.
1198 2379 1308 2446 (Bonae

182 2464 260 2506 notae
277 2470 349 2523 opus.

138 2525 246 2603 loseph
270 2525 404 2605 Eyerel
424 2523 607 2601 Thucydides
631 2542 687 2583 von
713 2525 764 2584 der
784 2523 852 2584 Pest
872 2525 901 2582 in
926 2522 1037 2603 Athen,
1063 2544 1113 2583 aus
1137 2525 1201 2584 dem
1227 2526 1308 2586 Gric-

182 2612 311 2671 chischen
336 2611 490 2685 ubersetzt,
512 2611 562 2668 mit
583 2609 725 2667 Zusiitzen
750 2609 809 2667 und
831 2605 1049 2685 Anmerkungen
1073 2611 1133 2668 und
1155 2612 1205 2668 mit
1219 2611 1307 2668 einem

181 2693 304 2772 Anhang
323 2696 394 2755 iiber
414 2695 460 2753 die
474 2693 540 2752 Pest
561 2695 589 2752 in
611 2693 744 2770 Egypten
766 2694 900 2752 wahrend
922 2695 978 2751 den
998 2694 1205 2752 franziisischen
1222 2693 1309 2753 Feld-

183 2782 275 2856 airgen
299 2800 326 2838 v.
348 2778 419 2838 Paul
440 2777 613 2836 Assalini.
650 2779 732 2837 Wien
755 2772 848 2837 1810.
871 2772 900 2835 8.
945 2780 1074 2848 (Additur
1087 2782 1180 2834 versio
1195 2789 1224 2832 et
1238 2799 1308 2834 com-

183 2859 323 2914 mentarius
339 2858 465 2929 Procopii
481 2859 514 2912 de
531 2865 607 2930 peste
624 2857 771 2926 Byzantina
789 2856 849 2909 anni
867 2855 939 2923 543.)

139 2934 287 3032 Theodos.
315 2932 544 3009 Georgiades
569 2932 636 2990 diss.
665 2932 702 2988 de
732 2937 812 3008 peste
836 2927 1000 2987 Atheniensi
1022 2947 1040 2986 a
1064 2927 1234 3004 Thucydide
1257 2931 1308 2988 de-

139 3024 312 3178 ChllnlAtdg.
336 3017 414 3160 {belh
424 3011 614 3174 0815014(Αο
615 3019 794 3178 ἷτοαῐεζοὲῗτ
802 3017 1072 3172 88811889Κίἰὴη)
1108 3097 1175 3158 diss.
1210 3099 1307 3177 inaug.

181 3189 218 3247 de
242 3193 322 3267 peste
341 3186 454 3245 Periclis
479 3191 572 3244 aetate
596 3183 779 3242 Athenienses
805 3184 957 3258 affligente.
1000 3181 1078 3259 Lips.
1103 3177 1196 3247 1821.
1218 3181 1247 3241 4.

136 3273 176 3332 H.
197 3272 231 3331 F.
257 3273 292 3335 E.
315 3271 448 3329 Grimm
479 3271 544 3328 diss.
578 3269 670 3345 inaug.
700 3269 737 3327 de
759 3272 840 3348 peste
860 3267 1071 3326 Atheniensium
1096 3286 1114 3325 a
1137 3268 1307 3346 Thucydide

178 3358 326 3436 descripta.
368 3355 504 3414 Rostoch.
528 3349 617 3413 1829.
644 3350 673 3413 8.

134 3438 209 3518 Aug.
231 3442 372 3499 Krauss
394 3440 550 3515 disquisitio
572 3439 827 3498 historico-medica
856 3438 892 3494 de
915 3443 1017 3496 natura
1037 3436 1128 3495 morbi
1153 3433 1307 3495 Athenien-

176 3527 249 3585 sium
273 3545 291 3585 a
312 3525 481 3603 Thucydide
502 3523 642 3602 descripti.
685 3523 837 3599 Stuttgard
863 3516 954 3585 1831.
976 3517 1006 3580 8.

456 3644 562 3728 ¹llll.
615 3670 940 3725 Plutarchus.

137 3779 218 3839 Rene
243 3777 306 3838 Nic
328 3779 463 3838 Dufriche
484 3777 732 3852 Desgencttes
755 3778 855 3835 eludes
877 3794 924 3831 sur
943 3772 970 3829 le
991 3790 1077 3848 genre
1103 3771 1139 3829 de
1160 3778 1233 3830 mort
1255 3775 1305 3832 des

179 3864 304 3923 hommes
326 3865 446 3922 illustres
472 3865 509 3922 de
538 3862 691 3937 Plutarque
722 3867 751 3920 et
780 3863 830 3919 des
861 3875 1020 3933 empereurs
1041 3855 1184 3915 Romains.
1228 3858 1306 3918 Paris

182 3942 274 4006 1838.
289 3944 318 4008 8.
339 3983 384 3992 -
402 3947 508 4006 Partim
530 3953 610 4005 antea
630 3950 660 4004 in
680 3945 797 4004 Journal
819 3941 1062 4021 complementaire
1082 3943 1122 4000 du
1144 3944 1306 4003 dictionaire

181 4031 233 4091 des
253 4033 374 4093 aciences
390 4035 465 4093 med.
489 4026 668 4092 land—29.

532 4180 597 4235 GG.
649 4176 919 4246 Appianas.

134 4286 208 4348 Dan.
234 4287 320 4348 Wilh.
342 4287 480 4347 Triller
510 4283 670 4346 exercitatio
703 4281 740 4340 de
760 4281 858 4360 planta
882 4280 1003 4355 quadam
1030 4284 1169 4337 venenata
1190 4279 1306 4357 ejusque

176 4372 284 4431 furioso
307 4372 412 4432 effectu
432 4377 628 4451 λιθοστροφῳ
657 4366 745 4445 copiis
771 4364 938 4425 Antonianis
964 4364 1028 4423 olim
1055 4363 1158 4422 exitiali
1178 4366 1216 4424 ad
1244 4365 1306 4426 illu·

176 4458 323 4517 strandum
345 4458 490 4556 queudam
512 4453 634 4536 Appiani
657 4452 749 4513 locum
774 4453 802 4512 in
822 4451 966 4512 Parthicis.
995 4449 1087 4509 Viteb.
1110 4444 1203 4514 1765.
1217 4446 1247 4512 4.
1263 4486 1288 4498 -
