2888 4958
600 337 676 416 Opp.
701 337 850 414 generalia.
1288 334 1310 398 5

184 484 340 550 medicinae,
363 501 512 554 quaerero
534 485 687 556 praesertim
706 502 786 555 opera
806 487 1009 541 Schelharnmeri
1027 506 1077 560 pro
1096 487 1248 560 compendio
1267 487 1308 540 hi-

185 555 283 608 storiae
300 554 432 607 literariae
451 554 478 606 in
495 555 573 606 rebus
591 554 696 606 medicis
714 554 805 608 haberi
822 560 930 626 potest.)

120 627 168 697 IJ.
190 628 341 686 Bernier
369 626 455 684 essais
482 628 518 684 de
540 627 698 698 medecine,
732 630 769 685 oh
793 628 812 685 il
840 635 883 686 est
906 630 989 687 traite
1010 629 1047 687 de
1064 630 1199 687 l’histoire
1219 630 1256 688 de
1281 628 1309 687 la

185 712 329 770 me'decine
351 718 379 768 et
404 713 456 768 des
476 711 630 782 medecins,
667 713 705 768 du
735 714 833 770 devoir
855 715 905 771 des
926 715 1067 772 medecins
1089 716 1106 772 ia
1128 715 1235 790 l’e'gard
1257 714 1308 770 des

185 797 309 863 maiades
332 802 361 853 et
383 797 418 853 de
443 796 512 852 celui
534 797 583 852 des
604 795 727 853 malades
749 798 767 854 b
789 797 895 873 l'egard
918 799 968 856 des
990 799 1146 870 medecins,
1176 801 1212 856 de
1234 796 1308 855 l'uti·

186 880 238 940 lite'
257 882 307 938 des
329 881 456 938 rem'edes
479 887 507 938 et
529 881 566 937 de
579 880 669 938 l’abus
691 881 776 955 qu’on
799 902 834 940 en
860 887 928 960 pent
949 883 1027 942 faire.
1061 882 1139 940 Paris
1164 877 1254 941 1689.
1275 876 1307 941 4.

186 999 228 1008 —-
249 965 435 1042 Supple'mens
460 985 495 1021 an
525 964 592 1022 livre
623 966 674 1022 des
702 966 788 1022 essais
810 967 847 1024 de
871 967 1015 1026 me'decine
1042 985 1110 1025 avec
1139 968 1190 1025 des
1215 984 1308 1023 corre-

187 1050 275 1106 ctions
298 1056 326 1107 et
351 1050 400 1106 des
424 1049 617 1107 observatione
639 1052 807 1108 necessaires
822 1056 874 1109 etc.
911 1050 987 1108 Paris
1011 1047 1101 1113 1691.
1119 1045 1149 1110 4.
1171 1084 1213 1093 -
1233 1048 1308 1108 Edi-

188 1136 225 1190 tio
246 1153 331 1191 nova:
361 1134 485 1190 Histoire
506 1132 727 1209 chronologique
755 1136 791 1192 de
819 1135 845 1192 la
867 1136 1011 1193 medecine
1032 1141 1060 1193 et
1081 1137 1132 1193 des
1157 1135 1309 1202 medenas,

187 1219 224 1275 oh
248 1218 266 1274 il
288 1224 330 1275 est
354 1219 436 1276 traite'
458 1219 495 1275 de
521 1218 663 1293 l’origine,
701 1221 740 1276 du
761 1221 879 1296 progres
908 1226 936 1276 et
961 1222 998 1277 de
1019 1224 1082 1278 tout
1105 1238 1137 1276 ce
1157 1221 1205 1294 qui
1226 1237 1308 1296 apar-

184 1303 255 1360 tient
276 1321 293 1359 a
314 1309 386 1360 cette
408 1304 526 1372 scienoe,
549 1303 587 1359 du
611 1303 708 1361 devoir
729 1309 781 1362 etc.
836 1304 913 1362 Paris
941 1299 1033 1365 1695.
1055 1299 1084 1367 4,
1128 1302 1228 1361 Editio
1254 1308 1308 1360 ter-

185 1390 240 1444 tio.-
274 1387 352 1444 Paris
376 1381 466 1446 1717.
487 1381 605 1461 (1714)
632 1384 661 1449 4.
706 1399 811 1466 (Multa
838 1400 964 1454 historica
988 1401 1119 1464 continet,
1154 1400 1201 1454 sed
1218 1414 1309 1469 parurn

185 1467 275 1520 critice
293 1475 474 1537 pertractata3
491 1469 524 1522 B.
544 1475 658 1520 mortuus
677 1476 718 1520 est
736 1486 761 1525 a.
783 1467 872 1536 1698.)

141 1537 196 1600 Ab.
220 1542 353 1616 Ziegra
388 1560 485 1618 progr.
522 1541 559 1597 de
591 1542 743 1599 medicinae
776 1542 883 1616 origine
915 1549 943 1599 et
978 1560 1138 1620 progressu.
1182 1539 1308 1616 Torgav.

140 1620 282 1767 1131181136
296 1621 398 1768 (ilaec
416 1708 565 1784 (Clericus)
584 1710 698 1768 histoire
710 1710 746 1768 de
760 1711 787 1768 la
798 1712 950 1770 medecina
974 1709 1092 1768 Genese
1107 1704 1199 1767 1696.
1214 1704 1254 1779 8.,
1271 1707 1308 1763 ib:

184 1789 278 1852 1699.
290 1790 330 1870 4.,
342 1793 482 1852 Amsterd.
493 1788 584 1854 1702.
590 1789 638 1866 4.;
650 1795 726 1853 Aust.
739 1802 763 1852 et
774 1796 930 1852 emendata:
941 1794 1082 1853 Amsterd.
1098 1788 1186 1852 1723.
1198 1789 1238 1864 4.,
1250 1809 1309 1850 aaa.

184 1881 228 1940 tit.
241 1881 258 1936 a
269 1879 384 1956 laHaye
396 1874 487 1941 1729.
499 1874 528 1940 4.
545 1876 701 1956 C.figg.—
709 1879 792 1954 Astgl.
804 1900 861 1938 carn
870 1879 930 1942 Jac.
943 1878 1059 1936 Dralce
1069 1884 1201 1936 annotatt.
1213 1875 1307 1936 Lond.

184 1958 277 2020 1699.
292 1959 320 2021 8.
366 1974 513 2042 (Historiae
531 1975 673 2028 medicinae
696 1976 793 2028 veteris
809 1992 892 2044 usque
909 1976 943 2028 ad
965 1974 1062 2029 Galeui
1079 1981 1195 2094 tempora
1213 1971 1310 2052 diffusa

185 2043 310 2095 tractatio
329 2051 357 2096 et
373 2043 523 2095 eruditionis
541 2044 631 2112 plena;
663 2044 821 2097 recentiores
846 2045 906 2096 edd.
930 2045 1085 2097 addiderunt
1102 2060 1130 2095 sc
1148 2058 1205 2095 ema
1222 2047 1309 2092 coutr-

184 2111 314 2164 nuationis
331 2128 414 2181 usque
431 2111 464 2163 ad
483 2112 597 2164 auctoris
614 2115 755 2180 tempora.)

139 2183 276 2261 Rudolph
299 2184 372 2246 Guil.
399 2185 536 2242 Crause
568 2185 611 2242 de
636 2184 842 2260 Mellingen
865 2204 960 2262 progr.
992 2185 1029 2242 de
1053 2183 1118 2241 satis
1147 2179 1309 2241 medicinae.

182 2267 244 2326 Jen.
273 2265 362 2329 1700.
385 2264 415 2326 4.
442 2303 483 2314 -
504 2269 628 2344 Ejusd.
652 2268 717 2326 diss.
740 2271 777 2327 de
799 2268 864 2327 satis
886 2269 1049 2330 medicinae.
1071 2268 1159 2326 Jenae
1176 2259 1266 2324 1709.
1278 2258 1308 2320 4.

139 2352 243 2412 Bernh.
264 2351 417 2412 Albinus
440 2354 528 2411 oratio
552 2356 589 2412 de
614 2360 676 2411 ortu
696 2360 726 2411 et
746 2373 897 2431 progressu
923 2354 1084 2411 medicinae.
1127 2349 1222 2427 Lugd.
1243 2348 1308 2405 Bat.

183 2433 274 2501 1702,
299 2435 329 2499 4.
351 2471 394 2480 —-
417 2436 526 2515 Duplex
548 2439 630 2496 editio
652 2437 730 2510 hujus
750 2442 818 2496 ortui
839 2445 864 2496 et
886 2439 938 2496 loci
965 2441 1074 2508 existit,
1106 2455 1196 2514 pagg.
1220 2428 1262 2492 23
1284 2437 1310 2490 et

179 2543 270 2600 pagg.
297 2519 348 2582 32.
393 2528 449 2595 (De
471 2528 588 2580 historia
608 2527 757 2580 medicinae
779 2544 865 2598 usque
886 2529 921 2581 ad
940 2526 1118 2593 Harvaeum.)

141 2606 260 2665 Godofr.
283 2605 357 2666 And.
374 2608 474 2666 Zahn
498 2609 565 2667 diss.
587 2609 624 2667 de
645 2609 762 2687 origine,
782 2628 935 2686 progressu
952 2615 981 2667 et
995 2608 1133 2686 dignitate
1146 2602 1307 2664 medicinae.

183 2691 274 2752 Vesal.
298 2687 390 2751 1708.
419 2687 468 2751 12.

139 2774 187 2835 Jo.
213 2776 300 2837 Conr.
325 2777 536 2835 Bacchusen
560 2776 674 2836 historia
700 2778 855 2836 medicinae
881 2777 909 2835 in
932 2795 988 2852 qua
1009 2776 1032 2832 si
1054 2794 1112 2832 non
1133 2771 1227 2830 omnia
1246 2768 1308 2846 ple-

184 2879 272 2936 raque
287 2861 385 2918 saltem
407 2861 577 2919 medicorum
589 2863 741 2933 ratiocinia,
762 2864 907 2937 dogmata,
929 2860 1110 2939 hypotheses,
1136 2862 1229 2914 sectae
1243 2857 1308 2928 etc,

185 2962 258 3020 quae
283 2946 319 3002 ab
341 2947 455 3004 exordio
481 2945 634 3004 medicinae
657 2967 747 3022 usque
774 2948 812 3005 ad
837 2954 932 3004 nostra
957 2954 1083 3022 tempora
1110 2941 1307 3014 inclaruerunt,

182 3036 397 3107 pertractantur.
441 3028 556 3094 Amstel.
584 3026 674 3090 1710.
697 3028 727 3090 8.
763 3063 807 3075 -
837 3030 895 3092 Ed,
910 3031 997 3087 altera
1020 3031 1123 3086 auctio-r
1143 3027 1188 3084 sub
1214 3021 1307 3081 titrtlo:

181 3113 227 3172 Dc
247 3115 401 3174 medicinae
426 3116 533 3191 origine
554 3120 583 3173 et
604 3135 756 3192 progressu
776 3117 909 3186 dissertt,
929 3116 957 3173 in
980 3114 1080 3189 quibus
1101 3112 1232 3170 medicor.
1262 3126 1307 3165 se-

181 3205 257 3276 ctae,
281 3200 484 3273 institutiones,
505 3201 629 3276 decreta,
651 3200 831 3278 hypotheses,
853 3201 1064 3279 praeceptiones
1089 3204 1144 3258 etc.
1169 3195 1207 3254 ab
1227 3192 1306 3251 initio

179 3286 332 3343 medicinae
362 3304 451 3361 usque
473 3286 511 3342 ad
532 3291 628 3342 nostra
656 3292 784 3363 tempora
809 3287 968 3343 traduntur.
1012 3283 1137 3357 Trajecti
1155 3280 1193 3337 ad
1213 3277 1306 3336 Rhea.

179 3363 273 3428 1723.
304 3365 334 3426 4.
385 3380 474 3446 (eaor
492 3380 572 3434 eures
592 3381 711 3450 dialogos
730 3381 806 3446 xix,
834 3382 965 3452 posterior
991 3381 1106 3434 assero.
1125 3376 1218 3430 xxvr
1242 3391 1305 3426 ccu-
1373 3435 1374 3439 Ν

178 3449 253 3517 tinet,
272 3449 366 3517 quibus
385 3449 491 3517 adjecta
509 3459 552 3502 est
570 3452 658 3502 oratio
673 3453 706 3503 de
723 3453 862 3518 aspectio,
881 3450 952 3521 quod
969 3468 1016 3521 pro
1035 3449 1095 3520 opio
1109 3448 1204 3510 habet3
1241 3442 1306 3494 liber

179 3517 236 3586 ipse
253 3519 324 3571 circa
343 3527 487 3586 systemata
505 3519 605 3572 medica
624 3519 699 3572 unice
717 3528 863 3588 versatur.)

134 3589 221 3649 Mich.
247 3588 398 3649 Alberti
423 3610 519 3668 progr.
541 3592 578 3649 de
599 3591 663 3649 satis
685 3593 812 3650 theoriae
829 3593 961 3652 medicae.
1004 3589 1070 3652 Hal.
1092 3579 1183 3646 1711.
1204 3578 1237 3641 4.

136 3676 222 3732 Conr.
244 3675 262 3732 J
269 3675 442 3734 ohrenius
464 3677 557 3734 theses
582 3677 620 3734 de
644 3678 797 3735 medicinae
818 3695 977 3756 progressu.
1020 3673 1084 3732 Jen.
1107 3663 1200 3731 171³.
1225 3661 1255 3725 4.

136 3759 182 3818 Jo.
206 3759 312 3818 Gttlieb
338 3761 404 3818 Ast
440 3760 558 3819 diatriba
578 3761 736 3818 historico·
750 3762 871 3819 literaria
903 3759 1034 3818 exhibens
1057 3754 1225 3813 succinctam
1245 3772 1304 3812 me-

180 3844 305 3902 dicorum
323 3845 482 3904 medicaeve
505 3845 637 3903 historiae
659 3846 880 3904 delineationem.
905 3842 982 3919 Lips.
996 3835 1088 3899 1715.
1099 3836 1129 3902 4.
1150 3851 1305 3920 (Succincte

183 3932 318 3978 enarratur
336 3925 445 3979 historia
460 3927 513 3994 jam
531 3925 635 3979 aliunde
653 3927 759 3994 cognita
777 3923 911 3995 usquead
930 3920 1045 3976 auctoris
1063 3923 1207 3993 tempora.)

137 3995 250 4059 Ludov.
272 3997 358 4055 Henr.
380 3998 544 4074 Rungins
566 3999 656 4057 oratio
681 3999 717 4056 de
738 3999 802 4056 fatis
828 4002 856 4055 et
880 3994 1095 4066 mutationibus,
1129 3995 1231 4070 quibus
1253 3992 1304 4048 ob-

179 4082 264 4140 noxia
291 4083 344 4140 fuit
365 4100 409 4140 ars
433 4085 542 4142 medica
563 4103 626 4142 curn
648 4083 762 4140 scientia
783 4080 913 4154 naturali,
935 4080 1043 4137 ratione
1060 4078 1204 4153 utriusque
1225 4084 1304 4133 ortus

178 4171 208 4225 et
229 4185 395 4244 progressus
416 4169 453 4225 ad
478 4169 644 4227 hodiernum
666 4184 755 4242 usque
776 4165 882 4224 illarum
903 4170 1015 4222 statum.
1037 4163 1156 4220 Bremae
1168 4155 1258 4220 1716.
1273 4159 1304 4224 4.

179 4247 334 4312 (Generalia
352 4247 476 4315 exhibet.)

134 4319 225 4379 Andr.
248 4320 383 4380 Ottomar
407 4320 585 4379 Goelicke
605 4317 723 4378 historia
749 4317 903 4376 medicinae
927 4313 1103 4390 universalis,
1142 4331 1198 4388 qua
1231 4311 1304 4370 cele-

133 4414 139 4423 ‘
177 4404 300 4465 briorun's
322 4424 555 4482 quorumcunque
576 4405 765 4475 medicorum,
796 4404 845 4479 qni
866 4421 883 4460 a
904 4401 998 4481 primis
1019 4400 1085 4458 artis
1107 4397 1245 4456 natalibus
1266 4397 1304 4456 ad

175 4495 274 4550 nostra
309 4509 400 4568 usque
427 4496 556 4570 tempora
575 4490 778 4562 inclaruerunt,
812 4489 902 4565 citae,
933 4485 1061 4561 nomina,
1095 4485 1229 4560 dogmata
1250 4488 1303 4539 etc.
