2888 4958
521 358 523 365 >
619 325 774 403 Chirurgia.
1217 322 1278 387 181

158 477 299 537 historica·
342 479 430 538 Husn·
453 472 544 538 1788·
559 474 588 542 8.
607 491 678 558 (Nec
694 493 759 546 sutis
777 491 877 544 erudite
895 509 943 544 nec
960 492 1025 545 satis
1042 490 1155 561 ingenue
1164 493 1278 564 scriptus

159 559 235 627 liber,
254 560 299 629 qui
318 576 364 629 pro
383 560 512 628 chirurgia
530 569 621 612 contra
638 562 751 615 medicos
768 561 924 614 Hafnicnses
942 579 1060 631 pugnare
1076 563 1202 629 videtur.)

108 632 147 690 P.
171 631 340 708 Maagras
364 634 455 710 precis
483 634 637 708 historique
658 642 687 692 et
710 635 929 692 consirle'rations
956 653 1004 692 sur
1031 633 1093 692 l’art
1117 636 1154 693 de
1175 635 1280 710 guerit,

158 717 356 796 specialement
376 736 423 774 sur
443 717 471 775 la
495 718 640 794 chirurgie.
683 719 761 776 Paris
782 718 868 777 anili
895 713 1013 800 (1803).
1036 715 1065 776 8.

108 800 191 861 Kurt
215 802 399 880 Sprengel
424 802 592 862 Geschichte
615 805 665 861 der
689 804 843 880 Chirurgie.
867 798 894 861 1.
918 803 1008 862 Theil
1039 802 1206 861 Geschichte
1227 803 1278 860 der

157 887 332 964 wichtigsten
359 888 557 964 Operationen.
601 887 683 947 Helle
707 884 799 947 1805.
828 883 858 946 8.
887 921 929 932 -
953 886 982 947 1.
1005 888 1087 947 Theil
1111 892 1169 945 voti
1192 886 1276 945 Wilh.

156 972 355 1050 Sprengel.
380 968 577 1034 Ηο1101819.
600 967 628 1031 8.
652 1007 694 1017 -
724 975 780 1035 Vol.
803 973 828 1032 I.
850 975 942 1031 italice
963 980 1026 1032 vert.
1049 972 1142 1032 Pietro
1163 972 1275 1044 Batti,

157 1057 277 1116 Fireuze
296 1053 386 1117 1816.
402 1052 448 1128 8.,
474 1059 646 1133 galliacum.
670 1057 828 1117 Jourdan
852 1068 881 1118 et
901 1059 1116 1135 Bosquillon
1142 1056 1275 1134 cumSpr.

160 1141 319 1200 Gcsclrichle
340 1142 388 1199 der
408 1142 600 1200 Arzneilcande.
624 1143 700 1201 Paris
727 1139 817 1202 1815.
840 1139 885 1214 8.,
910 1165 935 1202 0.
955 1163 1037 1221 snpra
1055 1162 1123 1221 pag.
1138 1136 1166 1202 7.
1189 1147 1276 1213 (Tra-

159 1230 264 1276 ctantur
281 1223 333 1277 vol.
352 1223 445 1292 primo:
464 1223 619 1292 trepanatio,
638 1233 807 1289 cataractae,
830 1225 932 1278 fistulae
950 1225 1105 1292 lacrymulis,
1124 1223 1276 1292 polyporum

157 1293 216 1345 nasi
234 1302 262 1345 et
278 1292 341 1344 labii
358 1293 467 1362 leporini
487 1293 660 1361 operationes,
679 1294 887 1357 bronchotomia,
909 1295 1025 1363 operatio
1050 1291 1155 1346 herniae
1173 1292 1276 1346 intesti-

157 1379 248 1415 norum
267 1369 294 1414 et
313 1362 414 1428 omenti,
435 1364 551 1430 operatio
571 1361 731 1430 hydroceles,
749 1364 842 1416 calculi
856 1363 959 1415 vesicae
973 1372 999 1415 et
1011 1363 1113 1416 fistulae
1124 1361 1176 1422 ani,
1194 1361 1276 1413 sectio

157 1448 297 1497 caesarea,
322 1433 479 1500 amputatio,
505 1440 712 1497 anevrysmatum
733 1434 849 1498 curati03
874 1432 925 1486 vol.
956 1432 1086 1485 secundo:
1111 1431 1275 1499 operationes

158 1500 347 1569 ophthalmicus
365 1499 424 1564 rel,
448 1499 647 1568 rhinoplastice,
671 1502 835 1570 operationes
854 1501 924 1554 circu
943 1519 1033 1565 aures,
1052 1502 1155 1564 dentes,
1175 1510 1277 1553 antrum

158 1569 303 1635 maxillare,
335 1588 364 1622 os
389 1577 415 1621 et
437 1586 570 1632 mammas,
599 1571 775 1637 paracentesis
799 1571 930 1637 thoracis,
954 1578 1061 1624 suturae
1085 1569 1226 1623 abdominis
1250 1574 1280 1622 et'

158 1638 344 1704 intestinorum,
364 1639 541 1709 paracentesis
560 1637 710 1703 abdominis,
729 1641 877 1701 castratio.)
972 1664 975 1669 ·
1093 1660 1096 1665 ⁴

107 1713 159 1772 Jo.
183 1711 245 1773 Glo.
268 1712 464 1769 Bernstein
494 1711 661 1771 Geschichte
682 1713 733 1771 der
756 1713 912 1787 Chirurgie,
938 1731 1002 1768 vom
1014 1708 1146 1787 Anfange
1167 1711 1208 1769 bis
1230 1711 1281 1767 auf

155 1798 202 1856 die
222 1795 327 1872 jetzige
347 1797 422 1856 Zeit.
445 1793 585 1854 2Theile.
611 1794 708 1875 Leipz.
733 1793 825 1858 1822.
854 1792 946 1859 1813.
968 1791 998 1858 8.
1028 1801 1119 1871 (Opas
1136 1801 1218 1853 00110
1230 1799 1278 1853 i-

155 1894 204 1931 nus
222 1877 359 1941 laudabile,
379 1894 454 1947 quam
473 1876 620 1944 chirurgica
637 1879 750 1945 ejusdem
769 1878 883 1931 auctoris
901 1878 1024 1946 scripta.)

108 1953 187 2010 John
207 1952 320 2010 Smith
346 1952 412 2008 diss.
434 1953 527 2024 inaug.
551 1952 588 2007 de
611 1950 726 2008 historia
748 1952 912 2025 chirurgiae.
955 1951 1058 2007 Edinh.
1085 1944 1176 2008 1816.
1204 1943 1234 2008 8.

110 2037 151 2097 hs
176 2037 222 2096 W.
252 2037 377 2094 Maudt
397 2037 496 2093 hurzer
522 2035 629 2092 Umriss
655 2037 706 2093 der
732 2036 901 2093 Geschichte
928 2037 979 2092 der
1005 2035 1151 2107 Chirurgie
1178 2033 1220 2089 bis
1241 2051 1278 2090 zu

154 2119 287 2197 Anfauge
311 2140 407 2179 unsers
431 2120 634 2178 Jahrhunderts
662 2119 745 2180 nebat
775 2122 863 2178 eiuem
892 2120 970 2176 Blick
993 2121 1046 2178 auf
1071 2118 1122 2174 ¹die
1152 2116 1277 2191 Bildung

154 2209 206 2266 der
226 2207 402 2264 Wundirzte
422 2206 449 2263 in
465 2205 605 2280 England.
637 2204 810 2289 Prograrom.
846 2198 1126 2265 Greisswald1833.
1154 2197 1185 2263 8.
1214 2207 1277 2273 (Se-

154 2288 264 2342 cundum
280 2289 366 2340 fontes
383 2287 562 2353 recentiores.)

110 2363 158 2422 Jo.
179 2361 265 2429 1111011.Ι
292 2359 475 2420 Wilhelmi
497 2360 610 2417 reflexio
636 2358 811 2437 apologetica
824 2360 854 2415 in
876 2379 932 2434 qua
947 2357 1142 2436 praecedentia
1153 2361 1182 2414 et
1195 2374 1278 2432 prae·

153 2448 282 2523 rogativa
309 2446 376 2502 artis
405 2445 575 2520 chirurgicae
602 2451 669 2503 ante
697 2445 945 2522 pharmaceuticam
977 2444 1130 2502 luculenter
1154 2441 1278 2499 vindica·

153 2538 207 2594 lut.
246 2531 269 2588 Ρ
270 2549 355 2606 sagae
378 2523 469 2589 1729·
495 2527 524 2592 4.
548 2542 638 2606 (Hanc
662 2542 868 2611 praecedentiam
893 2541 1022 2609 chirurgia
1046 2555 1194 2592 concessum
1219 2553 1276 2588 esse

154 2611 237 2666 literis
262 2610 795 2679 1000011000ιο11006100061111.616.
818 2611 900 2692 April.
927 2610 1003 2674 1651,
1021 2607 1148 2676 Leupoldi
1165 2607 1187 2657 1.
1210 2606 1236 2660 d.
1249 2604 1275 2661 7.

153 2683 236 2752 april
254 2679 317 2736 1667
337 2682 404 2733 016.
420 2680 445 2734 3.
464 2680 560 2732 00101).
581 2678 647 2733 1679
665 2681 775 2748 denique
793 2681 880 2731 deciso
899 2676 1083 2730 Universitatis
1097 2675 1237 2742 Pragensis
1250 2674 1274 2725 d.

155 2752 182 2808 4.
200 2752 347 2820 septembr.
368 2748 443 2813 1718,
462 2749 531 2816 quod
549 2747 657 2801 ulterius
675 2749 852 2800 documentum
871 2749 1029 2800 verbotenus
1048 2761 1165 2796 recusum
1186 2751 1227 2794 est
1248 2741 1274 2793 in

154 2823 311 2888 Scmmlung
327 2820 430 2943 einipcr
448 2818 550 2869 lcleinen
570 2818 705 2883 Schriften
727 2835 779 2869 oon
802 2817 859 2868 dem
885 2817 1025 2885 Ursprung
1044 2815 1092 2867 der
1120 2812 1274 2864 117006000-

155 2892 223 2944 ncs‘lr.
255 2889 346 2942 Erfurt
365 2889 378 2941 l
397 2886 440 2943 67.
457 2886 483 2941 8.
502 2903 564 2957 pag.
583 2885 653 2952 105.)

316 3064 377 3159 b.
435 3058 634 3158 Libri
681 3055 1066 3178 chirurgici.

109 3253 173 3317 Alb.
199 3274 226 3317 v.
248 3253 377 3312 Haller
401 3252 568 3311 bibliotheca
589 3250 757 3326 chirurgica,
783 3268 839 3325 qua
863 3248 967 3325 scripta
992 3248 1029 3305 ad
1054 3252 1141 3305 artem
1168 3245 1273 3304 chirur-

152 3341 242 3417 gieam
263 3340 429 3396 facientiaa
454 3357 545 3395 rerum
572 3337 655 3393 initiis
681 3342 868 3395 recensentur.
894 3334 977 3392 Tom.
1003 3332 1027 3390 I.
1053 3339 1181 3409 tempora
1207 3336 1273 3387 ante

152 3444 216 3483 ann.
246 3418 337 3484 1710.
363 3422 398 3481 Τ.
418 3422 454 3480 ll.
483 3424 519 3481 ab
548 3441 612 3479 ann.
639 3414 722 3480 1710
748 3421 785 3478 ad
818 3423 915 3479 nostra
944 3426 1080 3494 tempora.
1129 3416 1212 3472 Bern.
1243 3420 1273 3470 et

151 3509 236 3568 Basti.
259 3504 350 3568 1774.
373 3502 464 3568 1775.
489 3503 518 3570 4.
541 3519 721 3584 (Enumeratio
740 3517 917 3587 copiosissima
935 3533 991 3568 cum
1010 3511 1167 3580 argumentis
1187 3518 1214 3560 et
1226 3508 1271 3577 ju-

152 3591 236 3655 diciis,
252 3591 367 3643 continet
379 3589 454 3642 simul
464 3588 700 3660 ophthalmologica
712 3596 739 3641 et
753 3588 786 3639 ad
805 3597 886 3639 artem
900 3583 1076 3638 obstetricium
1092 3579 1270 3650 pertinentia.)

106 3665 206 3742 Steph.
233 3665 350 3724 Hieron.
372 3666 414 3721 de
434 3661 585 3738 Vigiliis
606 3680 624 3720 a
643 3660 896 3719 Kreuzenseld
921 3657 1085 3715 bibliotheca
1107 3652 1270 3726 chirurgica,

149 3751 252 3824 inqua
273 3767 316 3806 res
341 3767 436 3806 omnes
456 3750 494 3805 ad
515 3747 681 3822 chirurgiam
705 3746 876 3822 pertinentes
897 3742 994 3799 ordine
1009 3737 1196 3815 alphabetico,
1217 3737 1270 3813 ipsi

150 3853 219 3892 vero
241 3834 389 3910 scriptores
410 3839 552 3909 quotquot
578 3833 615 3889 ad
639 3850 742 3888 annum
768 3847 857 3904 usqne
885 3820 968 3885 1779
994 3825 1190 3894 innotuerunt,
1223 3841 1269 3879 or-

150 3919 215 3977 dine
236 3918 433 3993 chronologico
453 3918 625 3975 exhibentur.
668 3914 790 3974 Vindob.
814 3901 903 3974 1781.
925 3907 954 3968 4.
977 3908 1096 3968 11T0m.
1123 3912 1222 3980 (Plena
1241 3920 1268 3963 et

151 4000 218 4052 bene
235 3999 339 4067 digesta
357 3997 502 4065 chirurgiae
519 3996 676 4063 literatura.)

104 4070 264 4148 Anvisuing
291 4066 328 4150 pai
355 4072 469 4146 tjenlige
500 4070 603 4126 biiclrer
631 4071 675 4126 fbr
707 4068 770 4124 dem
799 4084 860 4122 som
887 4063 1000 4121 studere
1026 4061 1193 4140 chirurgiska
1217 4079 1268 4118 rc-

149 4159 316 4236 tensltapen.
360 4148 685 4215 §tonitrualibus
712 4157 840 4224 (Parvum
865 4152 1040 4226 opusculum.)

101 4300 106 4307 ’
192 4332 246 4406 0.
308 4303 667 4443 chirurgio
708 4298 1181 4399 recentiorum.

61 4511 64 4514 ⁴
102 4464 190 4524 arna
205 4463 451 4541 Baumgarten
471 4453 1035 4538 eisarnamlineamentarem
1050 4445 1266 4511 maa-mu.
