2888 4958
416 314 576 375 Literatura
598 324 626 377 et
647 313 818 394 Biographia
840 317 955 376 medica.
1230 317 1272 383 19

195 499 273 596 aa.
331 450 879 598 parochenses
901 500 968 598 et
1002 501 1175 603 Pro-

484 617 880 739 quammulta.

99 769 162 831 Joa.
188 771 254 829 Car.
280 772 431 831 Heifter
460 793 584 831 museum
606 774 823 850 disputatoriam
843 773 1124 852 physico-medicum
1146 779 1270 859 triparti-

144 860 214 914 tum.
258 858 363 921 Zittav,
390 853 595 936 1756,1764.
618 853 648 916 4.
674 857 748 922 voh
770 855 818 917 ll?
858 870 1096 940 (Dissertationum
1122 883 1173 933 etc.
1201 877 1270 935 9382

145 935 237 989 titulos
256 939 416 1006 enumerat.)

101 1006 146 1071 Jo.
170 1010 236 1069 Chr.
258 1011 441 1086 Goerling
462 1010 542 1072 catal.
566 1011 719 1068 dissertatt.
742 1016 771 1067 et
785 1019 1025 1088 programmatum
1045 1016 1082 1072 ad
1105 1019 1270 1079 medicinam

146 1096 339 1171 spectantium.
372 1095 486 1158 Eriord.
511 1089 602 1158 1796.
624 1090 654 1157 8.
699 1105 877 1177 (Bibliopolas
902 1109 980 1163 catal.
1008 1110 1187 1182 alphabeticus
1204 1115 1270 1172 satis

148 1183 270 1227 accurate
288 1175 468 1245 conscriptus)

103 1246 213 1308 Sebast.
236 1247 301 1305 Joh.
324 1248 424 1311 Ludw.
449 1247 594 1322 Diring
619 1246 758 1306 critisches
777 1247 974 1325 Repertorium
994 1251 1045 1309 der
1064 1254 1117 1311 aui
1137 1255 1186 1312 in-
1210 1257 1271 1316 und

144 1331 357 1391 ausliindischen
383 1331 599 1391 Lehranstalten
630 1351 693 1389 vom
720 1331 805 1390 Jahre
831 1326 912 1391 1781
941 1335 982 1393 bis
1011 1331 1094 1395 1800
1118 1338 1271 1416 herausge-

143 1416 309 1475 hommeneu
334 1417 442 1475 Probe.
472 1418 530 1475 und
555 1415 862 1491 Einlndungsschriften
896 1437 946 1476 aus
979 1422 1043 1478 dem
1076 1421 1195 1482 Gebiete
1219 1427 1271 1485 der

144 1498 425 1578 Arzneygelahrtheit
446 1504 504 1561 und
518 1500 714 1562 Naturlrunde.
748 1497 776 1559 1.
800 1499 920 1563 Abtheil.
944 1504 995 1562 das
1012 1505 1203 1567 Verzeichniss
1220 1511 1271 1570 der

144 1585 285 1644 Schristen
307 1606 364 1644 uon
388 1581 598 1647 1781-1790
619 1585 790 1643 euthaltend.
830 1587 960 1646 Herborn
984 1585 1074 1649 1803.
1096 1587 1124 1654 4.
1153 1606 1272 1678 (script.

147 1676 279 1718 enumerat
305 1667 374 1722 2794
396 1667 535 1720 secundum
559 1666 734 1718 doctrinarum
758 1665 886 1733 ordinem,
921 1670 1050 1739 appositis
1068 1676 1226 1739 argumentis
1244 1685 1272 1732 et

145 1735 323 1789 recessionum
341 1736 491 1790 criticarum
509 1735 694 1800 citationibus;
711 1735 794 1788 altera
810 1753 872 1806 pars
889 1755 1019 1808 nunquam
1036 1741 1155 1810 prodiit.)

582 1919 786 1928 -.—-—--—·-

167 2102 343 2230 ΙΙΙ.
403 2108 839 2230 mocorono
872 2113 978 2230 de
1010 2113 1206 2238 uitis

409 2251 941 2370 medicorum

662 2430 713 2470 seu

279 2500 734 2650 Biographia
794 2502 1098 2618 medion.

602 2725 768 2733 -ιι

236 2776 238 2781 “
324 2813 403 2910 Α.
436 2813 663 2936 opero
683 2812 1051 2933 ommonem.

104 3000 328 3080 symphorianus
354 3003 591 3082 Champerius
620 3003 808 3080 (Champier‚
836 3001 1025 3079 Campegius)
1057 3001 1096 3059 de
1119 3001 1273 3062 medicinae

149 3087 229 3144 claris
250 3087 430 3165 scriptoribus
451 3090 480 3148 in
504 3084 525 3146 5
545 3090 665 3168 partitus
686 3093 831 3148 tractatus.
876 3084 1005 3163 (Lugd.‚
1034 3084 1077 3148 Cl.
1103 3084 1215 3145 Davost
1235 3087 1273 3146 de

147 3171 261 3247 Troysi
286 3168 393 3250 1506.)
420 3167 450 3235 8.
497 3171 562 3232 Cum
586 3175 650 3231 aliis
674 3175 791 3232 aucton's
817 3173 931 3248 amplis.
955 3203 999 3216 -
1020 3169 1152 3230 Seorsim:
1176 3170 1280 3248 Lagus

148 3251 239 3319 1531.
262 3250 292 3320 8.
336 3261 475 3328 (Medicus
491 3263 630 3333 principes
644 3262 768 3315 breviter
782 3260 932 3326 recenset.)

105 3341 176 3400 Otto
200 3342 375 3401 Brunfcls
397 3342 542 3418 catalogus
564 3343 709 3402 illustrium
730 3341 900 3400 medicorum
922 3339 981 3397 sive
1006 3339 1043 3398 de
1066 3340 1162 3418 primis
1182 3340 1272 3398 medi-

146 3426 225 3485 cinae
243 3427 431 3505 scriptoribus.
475 3426 626 3504 Argentor.
646 3423 737 3489 1580.
759 3422 789 3485 4.
832 3437 965 3504 (Primum
982 3436 1098 3490 auctoris
1116 3453 1201 3507 opus,
1227 3437 1275 3505 qui

147 3507 199 3560 hoc
216 3506 276 3579 ipso
296 3524 364 3560 anuo
382 3507 502 3562 Basileae
520 3510 615 3563 doctor
627 3509 835 3562 renunciabatur.
873 3505 932 3560 Lib.
950 3509 1046 3573 rarus.)

102 3580 227 3643 Remacl.
254 3579 370 3638 Fuchs
396 3581 577 3640 illustriorum
598 3581 779 3661 medicorum,
805 3580 853 3654 qui
874 3578 1011 3657 superiori
1032 3574 1142 3634 saeculo
1168 3575 1272 3634 florue-

145 3670 213 3723 runt
237 3683 270 3723 ac
294 3665 481 3743 scripserunt,
505 3668 588 3728 vitae.
631 3663 766 3724 Annexrm
794 3664 823 3722 in
851 3664 927 3721 calce
951 3660 1127 3738 quorundam
1150 3661 1274 3719 neoteri-

146 3767 243 3807 corum
270 3750 433 3826 catalogus,
465 3751 513 3827 qni
540 3750 643 3809 nostris
671 3749 844 3827 temporibus
871 3747 1041 3824 scripserunt
1062 3749 1162 3802 autore
1188 3745 1273 3822 Sym·

146 3834 284 3910 phoriano
306 3834 516 3914 Campegio.
559 3833 648 3897 Paris.
674 3829 767 3897 1542.
792 3827 823 3892 8.

105 3916 263 3994 Woligang
285 3918 304 3975 J
311 3925 413 3978 ustus
435 3920 547 3996 (Jobst)
570 3919 753 3994 chronologia
774 3917 833 3974 sive
846 3920 1003 3990 temporum
1026 3914 1188 3989 supputatio
1209 3933 1272 3972 om·

148 4002 225 4060 nium
244 4003 391 4062 illustrium
414 4007 604 4076 medicorum,
641 4010 699 4062 tam
720 4007 862 4068 veterum,
894 4016 979 4072 quam
1002 3999 1205 4070 recentiorum,
1242 3998 1272 4055 in

148 4088 224 4145 omni
244 4087 401 4164 linguarum
426 4091 586 4166 cognitione
616 4106 634 4144 a
658 4086 753 4165 primis
781 4084 848 4142 artis
877 4082 1002 4140 medicae
1029 4081 1219 4139 inventoribus
1244 4087 1273 4139 et

147 4173 330 4251 scriptoribus
351 4193 441 4250 usque
465 4177 503 4233 ad
527 4179 652 4230 nostram
672 4174 800 4228 aetatem.
831 4167 962 4224 Francos.
979 4165 1123 4226 udViadr.
1138 4157 1229 4224 1556.
1241 4159 1272 4228 8.

147 4254 249 4320 (Rarus
267 4254 334 4308 liber
349 4256 396 4309 sed
415 4255 496 4308 minus
514 4259 637 4306 accurate
656 4248 821 4319 compositus,
840 4253 890 4316 cfr.
905 4244 1048 4298 Leclerc
1062 4242 1273 4299 Histdelamb-

147 4324 204 4377 deo.
220 4324 338 4393 prefaca.
362 4324 476 4392 Ejusd.
488 4321 601 4375 auctoris
620 4337 700 4390 opus:
722 4319 842 4372 Omnium
861 4314 1065 4369 academicam
1084 4313 1218 4381 quuruud.
1236 4316 1273 4368 il·

147 4394 225 4447 lustr.
243 4393 395 4446 scholarum
412 4393 496 4448 totius
514 4393 643 4460 Europus
659 4388 801 4443 erectiones
819 4393 870 4441 etc.
902 4384 1036 4454 Vltsborg.
1061 4382 1137 4438 1554.
1154 4380 1181 4438 8.
1206 4399 1272 4455 par·

145 4461 191 4514 tim
207 4461 259 4514 huc
277 4460 369 4528 iacit)
1273 4477 1277 4482 “
