2888 4958
518 286 640 348 Scholae
661 287 692 349 et
711 289 824 370 oppida.
1215 289 1257 354 81

517 437 582 494 11.
623 439 824 498 Venostes.

78 522 182 584 Franc.
204 521 384 585 Bernardi
408 532 555 603 prospetto
577 527 673 585 critico
694 527 760 586 dell’
788 526 907 605 origine,
927 526 1046 605 incolti,
1067 530 1168 590 dirmsi
1189 538 1255 595 atati

122 627 140 668 e
156 610 274 669 vieeude
293 609 340 669 del
358 610 485 686 collegio
500 611 781 688 medico-chirurgiae
795 613 825 670 di
835 611 969 675 Veneria.
994 613 1100 674 Veuez.
1122 611 1213 684 1797.
1224 622 1255 687 4.

81 692 239 753 Domenico
260 694 458 754 Benedetti
478 694 627 754 illustrium
655 698 776 755 urorum
798 697 938 774 synopsis,
964 698 1013 773 qui
1037 700 1074 758 de
1094 718 1175 761 sucro
1197 725 1256 764 me-

125 779 253 838 dicorum
296 779 475 858 physicorum
515 779 623 840 Veneto
657 781 786 857 Collegio
818 781 972 842 extiterunt
1005 787 1035 842 et
1064 784 1094 844 in
1122 805 1256 866 praeseus

124 865 257 928 enema
307 864 410 926 Venet.
433 859 525 926 1753.
550 861 582 925 4.

519 998 585 1054 12.
624 997 822 1070 Pompejl.

81 1078 161 1144 Lud.
188 1081 375 1143 Choulant
398 1103 494 1163 progr.
526 1086 564 1145 de
592 1086 660 1146 locis
690 1086 869 1166 Pompejanis
904 1087 943 1145 ad
973 1106 1031 1146 rem
1053 1089 1188 1151 medicam
1213 1093 1257 1153 ia-

128 1166 271 1232 cientibus.
313 1167 385 1226 Cum
406 1170 503 1228 tabula
524 1169 736 1251 lithograpbica.
792 1170 871 1249 Lips.
898 1165 1045 1234 18204.
1082 1179 1161 1247 (Cum
1188 1182 1256 1236 deli-

128 1248 249 1302 neatione
272 1249 463 1319 topograpbica
479 1251 663 1323 Pompejornm
689 1258 717 1306 et
739 1250 897 1306 indicatione
914 1252 1039 1319 locorum,
1056 1253 1083 1308 in
1100 1258 1195 1325 quibus
1211 1277 1255 1315 res

127 1317 244 1370 medicas
261 1317 383 1371 detectas
399 1322 486 1390 sunt.)

83 1386 163 1448 Albr.
185 1409 211 1448 v.
239 1391 460 1468 Schinberg
487 1391 557 1451 iiber
590 1393 671 1452 einen
696 1412 789 1453 neuen
816 1393 1083 1456 naturbistorischen
1112 1397 1197 1458 Fund
1224 1402 1254 1462 in

125 1473 262 1554 Pompeji.
305 1473 460 1552 Nimberg
484 1472 575 1537 1827.

82 1590 127 1602 -
152 1591 196 1605 -·
216 1560 312 1619 Ueber
332 1560 426 1635 einige
447 1563 476 1620 in
497 1560 625 1640 Pompeji
651 1561 811 1638 gesundeue
837 1559 978 1621 Knocben
1002 1565 1061 1621 und
1091 1565 1151 1627 ihre
1176 1565 1254 1630 Ana-

124 1643 195 1721 lyse.
237 1644 378 1722 Erlengen
401 1639 495 1709 1828.
515 1642 547 1709 4.
575 1651 691 1720 (Auctor
711 1651 832 1721 Neapoli
861 1651 964 1704 diutius
986 1652 1081 1721 vixit.)

397 1777 462 1836 1³.
495 1781 664 1838 Lutatio
680 1780 945 1838 renatorum.

85 1880 172 1941 Gabr.
192 1879 391 1943 Naudaeus
422 1883 555 1966 (Nauae)
588 1887 625 1945 de
651 1886 819 1961 antiquitate
843 1893 873 1944 et
903 1884 1040 1962 dignitate
1059 1887 1173 1950 scholae
1195 1911 1255 1952 me·

128 1967 208 2026 dicae
229 1967 399 2029 Parisienais
453 1970 540 2029 Paris.
576 1966 666 2029 1628.
695 1966 725 2028 8.
758 1973 869 2040 (Oratio
895 1973 1061 2043 inauguralis
1092 1981 1254 2035 eruditionis

127 2047 204 2118 plena
228 2049 262 2102 ad
287 2049 421 2134 historiam
447 2052 554 2135 sebolaq
578 2051 694 2133 medicae
719 2049 873 2132 l’arisienqis
892 2051 1007 2170 apprime
1020 2052 1109 2134 utilis3
1126 2057 1255 2111 accedunt

129 2117 270 2182 orationes,
291 2119 377 2188 elogia
395 2127 422 2174 et
440 2121 598 2190 epitaphium
617 2118 755 2190 Opimum,
773 2118 905 2172 Arebratn
950 2119 1055 2172 udovici
1073 2121 1132 2189 vl.)

87 2187 199 2250 Rubert
218 2190 321 2249 Patin
348 2195 385 2251 de
412 2195 578 2270 antiquitate
599 2199 628 2251 et
656 2192 794 2268 dignitate
824 2190 936 2249 scholae
965 2192 1091 2252 medicae
1117 2194 1254 2257 Parisien-

128 2274 166 2333 ais
189 2281 219 2333 et
249 2274 446 2336 illustrioribus
471 2279 518 2355 qui
547 2278 577 2336 iu
608 2295 642 2335 ea
670 2277 793 2335 claruere
817 2276 939 2334 medicis.
993 2276 1079 2341 Paris.
1109 2276 1200 2341 1663.
1224 2279 1253 2348 8.

129 2353 235 2422 (Oratio
254 2357 375 2423 solennis,
391 2360 444 2427 jam
462 2375 531 2412 anno
551 2356 618 2412 1648
635 2357 734 2422 habita,
752 2357 878 2427 quaedam
896 2356 1031 2411 continens
1049 2358 1082 2412 de
1100 2361 1255 2432 antiquiori-

129 2425 177 2476 bus
199 2425 392 2494 professoribus
416 2427 622 2492 Parisiensibus3
645 2436 740 2480 auctor
762 2434 804 2479 est
819 2427 888 2478 filins
905 2426 1036 2480 Gnidonis
1053 2428 1157 2483 Patinii.
1195 2432 1255 2486 Ex·

128 2492 204 2562 plicit
221 2510 281 2563 pag.
300 2495 359 2562 31..
377 2504 522 2565 sequuntur
540 2495 674 2548 orationes
695 2496 794 2565 aliquot
811 2495 1005 2563 inauguralcs.)

84 2562 129 2623 Jo.
151 2565 238 2644 Bapc
259 2567 362 2644 Doge
384 2564 495 2653 (Doye)
524 2568 593 2627 ritus
621 2576 651 2628 et
682 2569 834 2644 insigniora
864 2570 1034 2627 medicorum
1059 2566 1254 2631 Pariaiensium

127 2651 233 2708 ordinis
254 2653 376 2713 decreta.
418 2653 506 2716 Paria.
530 2648 620 2716 1710.
649 2649 696 2711 12.

82 2732 244 2812 Hyacinthe
264 2736 377 2801 Tbeod.
402 2739 522 2796 Baron
545 2738 623 2812 ritus,
650 2756 716 2796 usus
741 2742 770 2795 et
801 2735 953 2794 laudabiles
985 2735 1139 2795 Facultatis
1166 2739 1256 2796 medi-

127 2837 179 2877 cae
200 2819 362 2880 Parisiensis
383 2823 611 2884 consuetudines.
666 2821 744 2879 Paris
767 2815 860 2880 1751.
886 2815 936 2881 12.
959 2818 1016 2878 Ed.
1042 2821 1146 2879 ultera:
1168 2822 1254 2880 Paris.

127 2897 220 2965 1753.
248 2899 298 2968 12,
325 2903 453 2982 (Statuta
474 2907 541 2988 etc.)
568 2939 611 2951 -
632 2905 759 2983 Ejusd.
780 2903 987 2982 compendiaria
1007 2905 1178 2964 medicorum
1200 2906 1257 2964 Pa·

125 2988 281 3048 risiensinm
310 2992 427 3067 notitia,
459 2993 518 3051 sive
542 2990 679 3050 clarorum
704 2990 842 3061 virorum,
865 2988 914 3063 qui
942 3007 960 3046 a
984 2989 1096 3047 saeculo
1117 2990 1194 3052 xiv.
1216 2993 1256 3051 ad

124 3071 201 3132 hune
224 3093 315 3150 usque
336 3077 410 3135 diem
436 3077 464 3135 in
487 3076 633 3135 Facultate
661 3075 813 3134 medicinae
838 3073 985 3131 Parisiensi
1008 3073 1053 3133 vel
1088 3074 1255 3136 demnatum

125 3167 285 3234 gesserunt,
306 3161 352 3218 vel
373 3160 612 3235 baccalaurentus,
637 3161 793 3219 licentiatus
820 3164 869 3215 arnt
895 3158 1058 3216 doctoratus
1069 3162 1188 3236 gradum
1203 3163 1257 3221 ob-

125 3243 278 3318 tinuerunt,
301 3245 498 3323 chronologica
524 3246 617 3306 series.
682 3244 767 3303 Paris.
803 3237 896 3305 1752.
921 3237 952 3301 4.
975 3243 1060 3303 Paris.
1089 3241 1180 3307 1753.
1203 3243 1256 3312 12.

127 3322 239 3412 (Vitae)
264 3361 312 3374 -
342 3329 466 3405 Ejusd.
499 3331 694 3407 quaestionum
730 3327 900 3387 medicatum
934 3328 1019 3387 series
1045 3328 1254 3406 chronologica.

124 3410 213 3471 Paris.
237 3407 330 3475 1752.
357 3409 387 3477 4.
419 3415 508 3477 Paris.
533 3410 623 3476 1753.
645 3409 696 3473 12.
721 3417 864 3485 (Tbesium
889 3417 1085 3486 inauguralium
1120 3421 1153 3470 ab
1184 3436 1254 3476 anno

100 3517 102 3520 >
127 3491 196 3546 1574
213 3509 296 3562 usque
314 3494 348 3548 ed
367 3513 460 3549 anuum
479 3494 547 3551 1752
565 3512 651 3549 coram
669 3495 806 3548 Facultate
821 3494 986 3547 defensarunt
1004 3494 1161 3561 catalogus.)

80 3563 162 3640 Jacq.
188 3563 253 3624 Alb.
280 3566 410 3626 Hazou
437 3568 521 3645 eloge
542 3568 697 3643 historique
722 3568 807 3625 dela
836 3566 955 3624 Faculte
984 3568 1021 3625 de
1048 3566 1193 3625 medecina
1217 3567 1255 3625 de

124 3649 212 3708 Paris.
256 3649 334 3708 Paris
357 3647 447 3716 1770.
469 3649 517 3723 4.;
542 3653 578 3711 ib.
605 3646 697 3713 1773.
718 3647 748 3715 4.
771 3683 815 3696 -
835 3650 959 3725 Ejusd.
984 3651 1077 3709 notice
1102 3650 1151 3708 des
1172 3649 1254 3710 bom-

125 3753 185 3792 mes
208 3734 249 3792 les
269 3735 333 3814 plus
358 3738 482 3797 celebres
507 3739 544 3796 de
573 3737 600 3796 la
624 3736 743 3797 Faculte
774 3738 811 3795 de
837 3735 981 3802 medecine
1006 3753 1042 3792 en
1073 3732 1254 3796 l'Universite

124 3819 163 3877 de
183 3818 272 3892 Paris,
299 3822 398 3900 depuis
423 3816 509 3882 1110
529 3821 625 3899 jusqu'
647 3841 682 3880 eu
709 3815 792 3881 1750
812 3819 1031 3879 inclusivement.
1065 3817 1143 3876 Puris
1160 3813 1253 3882 1778.

126 3897 251 3984 (1780.)
290 3900 320 3964 4.
392 3911 445 3980 (ΑΙ)
470 3912 512 3964 his
539 3912 668 3983 operibus
693 3910 772 3963 laude
798 3925 847 3960 sua
873 3905 978 3959 omniuo
1000 3907 1090 3976 dignis
1111 3909 1190 3978 plane
1212 3911 1254 3962 di-

125 4000 230 4036 versum
247 3991 288 4039 est
307 3987 391 4054 ejusd.
409 3989 524 4042 auctoris
543 4005 622 4057 opus:
654 3988 743 4057 Eloge
768 3983 916 4053 lictorique
934 3984 966 4036 de
987 3984 1090 4039 l'Unie.
1114 3987 1147 4038 da
1166 3986 1253 4041 Puris.

125 4052 173 4103 Eu
190 4052 272 4107 batis
294 4063 321 4108 et
343 4073 377 4108 en
402 4057 500 4126 Frunq.
528 4057 607 4110 Paria
629 4054 705 4110 1770.
732 4061 759 4107 et
780 4052 888 4120 gallice:
915 4053 993 4106 Poris
1011 4052 1106 4118 1773„
1131 4053 1201 4123 quod
1219 4054 1253 4107 nb

122 4119 275 4176 Jauseuismi
292 4124 463 4193 suspicionem
481 4133 539 4181 erat
556 4125 624 4179 inter
641 4124 722 4176 libros
734 4121 906 4192 prohibitos.)

76 4192 217 4253 Memoire
242 4193 422 4278 (historique)
452 4200 489 4258 de
518 4198 546 4256 la
570 4196 688 4256 Faculte
717 4196 755 4252 de
789 4194 934 4252 medecine
959 4213 994 4252 en
1022 4194 1192 4252 l’uuiversite
1217 4194 1254 4253 de

121 4279 209 4338 Paris.
264 4280 342 4338 Paria
372 4278 462 4347 1792.
488 4280 517 4342 4.
560 4294 627 4363 (Cir.
645 4293 777 4347 Bncbez
798 4293 830 4346 de
845 4295 873 4345 ln
888 4291 999 4345 Fneelte
1016 4293 1126 4347 demeti.
1146 4292 1178 4344 de
1198 4291 1252 4344 Pu·

122 4362 161 4412 ris
179 4362 273 4430 depuis
292 4364 316 4415 le
335 4363 399 4420 ΧΠ.
417 4366 494 4419 σι’ἑοὶο
506 4365 597 4434 juapu'
616 4367 634 4416 ὰ
656 4365 684 4415 lu
702 4365 747 4429 fin
766 4363 803 4416 du
825 4361 928 4416 XVIII.
953 4362 980 4414 in
1000 4361 1093 4415 Journ.
1123 4360 1170 4415 dea
1187 4377 1252 4434 pro-

120 4430 183 4498 gres
201 4431 235 4484 ds
252 4430 371 4487 sdeuees
388 4434 454 4489 med.
477 4431 591 4490 1827.1.
610 4451 640 4505 p.
658 4432 733 4503 222.)

980 4515 1003 4578 0
