2888 4958
543 303 674 364 Romani.
741 299 908 362 orientales.
1127 344 1131 349 -
1265 297 1307 364 ol

177 460 237 518 teb.
261 453 352 519 1750.
374 452 405 516 4.
430 487 475 502 -
499 455 587 515 Redit
606 459 637 514 in
656 454 708 516 Tr.
731 474 845 531 opuscc.
856 453 921 515 Vol.
936 453 959 514 l.
978 449 1070 515 1760.
1082 473 1110 532 p.
1125 450 1306 517 413-430.

179 540 268 610 (Apud
287 539 360 592 Cael.
378 537 467 595 Aurei.
486 537 577 594 chron.
594 537 643 594 IV.
662 555 685 590 c.
699 537 740 593 51
757 537 785 589 in
804 536 894 589 vesica
911 535 1041 606 speciales
1058 536 1184 608 plurimas
1202 541 1306 608 passio·

179 609 375 674 nsseveniunt,
393 614 488 674 tumor,
507 606 637 672 collectio,
654 605 738 672 ulcus,
756 605 876 671 durities,
895 605 1058 674 φθειρίασις
1078 613 1129 663 etc.
1146 607 1201 678 legi
1209 609 1306 664 debere

178 696 244 730 ntra
263 679 345 738 ίασις.
419 678 424 687 ’

134 679 406 827 Ρυ]ο1ρεεεαί)1111
433 748 460 807 la
486 747 604 807 maledie
631 748 669 805 de
689 747 751 805 sace
774 747 888 806 nomme
914 745 941 805 le
967 745 1021 806 'lic
1046 746 1219 807 douloureux
1239 767 1308 810 avec

179 836 317 912 quelques
349 834 497 892 reflexione
530 852 577 891 sur
610 831 638 890 le
668 831 781 909 Raptus
803 833 918 890 caninus
939 832 977 891 de
999 831 1110 890 Caelius
1132 830 1306 896 Aurelianus.

180 921 260 978 Paris
289 913 382 982 1787.
408 913 437 976 8.

138 1004 206 1064 Car.
232 1004 308 1080 Aug.
330 1003 415 1062 Ferd.
447 999 478 1059 Μ
485 1001 579 1059 oller
610 1000 807 1060 annotationes
833 1003 972 1076 quaedam
1005 1002 1032 1060 in
1056 1001 1143 1061 Caelii
1164 998 1308 1063 Aureliani

183 1090 220 1148 de
239 1087 433 1166 hydrophobia
455 1091 614 1144 tractatum.
637 1084 782 1161 hiarburg.
798 1080 890 1146 1817.
912 1080 942 1145 8.
967 1091 1021 1158 (Ad
1035 1100 1108 1146 scut.
1123 1092 1175 1149 III.
1190 1091 1306 1162 9—16.)

138 1173 205 1237 Car.
231 1170 752 1246 G10.Kuhnprogr.den0raex
778 1169 941 1245 capillorum
968 1173 1123 1231 resectione
1148 1173 1176 1232 in
1202 1174 1308 1233 sanita-

181 1270 237 1318 tem
257 1258 446 1329 redundante,
474 1257 512 1313 ad
532 1254 611 1317 Cael.
637 1253 778 1317 Aurelian.
794 1255 882 1320 morb.
903 1262 977 1319 aeut.
999 1257 1020 1320 1.
1045 1253 1095 1318 15.
1120 1256 1199 1332 Lips.
1213 1253 1306 1321 1821.

179 1339 209 1406 4,
231 1377 274 1386 -
294 1339 393 1403 Remu.
415 1343 445 1398 irs
466 1340 565 1416 Ejusd.
588 1358 702 1414 opusne.
723 1340 826 1399 acadd.
848 1339 912 1403 Vol.
926 1340 961 1400 11.
977 1335 1069 1400 1828.
1088 1359 1116 1418 p.
1129 1337 1306 1408 183-190.

136 1461 179 1474 --
199 1463 242 1474 -
263 1446 361 1505 progr.
375 1427 404 1487 in
422 1425 510 1484 Caelii
524 1421 665 1484 Aureliani
682 1444 707 1484 c.
719 1425 756 1482 de
766 1423 904 1484 incubone
915 1427 1055 1491 tractatio.
1080 1421 1307 1504 Lips.1830.4.

455 1573 516 1628 111).
570 1575 735 1628 Serenus
758 1575 988 1633 domanicae.

137 1682 208 1744 Chr.
231 1681 353 1747 Godofr,
378 1680 520 1740 Gruner
539 1681 633 1739 variae
653 1681 786 1739 lectiones
807 1682 837 1740 in
858 1680 894 1750 Q.
917 1682 1016 1742 Seren.
1036 1682 1177 1747 Samouic.
1192 1703 1228 1745 ex
1242 1686 1306 1751 cod.

180 1760 331 1830 Vratislav.
358 1772 517 1843 excerptae.
561 1766 624 1826 Jen.
647 1760 740 1826 1781.
762 1761 793 1828 4.

137 1851 230 1934 (Frid.
242 1851 317 1928 Aug.
327 1852 419 1911 Reus
427 1855 458 1928 s)
480 1870 578 1927 progr.
590 1851 740 1910 lectionum
751 1852 977 1910 Samonicearum
988 1853 1087 1928 partic.
1099 1852 1120 1916 1.
1142 1853 1306 1932 Virceburg.

184 1932 275 1996 1836.
302 1931 333 1997 4.
378 1941 434 2008 (Ex
449 1939 542 1992 codice
561 1940 708 1993 Turicenni
724 1958 796 1995 saec.
812 1941 863 1997 IX.
877 1939 923 1992 vel
938 1941 973 1992 X.
991 1949 1020 1994 et
1034 1943 1088 1996 Ed.
1105 1941 1205 2011 princ.)

137 2022 205 2084 Chr.
233 2021 355 2082 Godoir.
376 2021 517 2079 Gruner
537 2041 664 2098 progrr.‚
699 2021 794 2078 insunt
820 2021 914 2080 variae
940 2020 1072 2081 lectiones
1099 2023 1128 2079 in
1149 2021 1185 2091 Q.
1208 2024 1307 2086 Seren.

140 2153 147 2162 .
181 2107 361 2165 Samonicum
382 2125 417 2164 ex
438 2104 547 2164 Nicolai
569 2105 714 2164 Marscalci
735 2105 887 2163 enchiridio
909 2112 1068 2184 excerptae.
1088 2105 1152 2167 Jen.
1168 2102 1262 2168 1803.
1277 2103 1308 2171 4.

104 2191 107 2196 ’
186 2186 351 2253 (EnNicolai
368 2185 510 2239 Maracalci
527 2187 622 2240 Thurii
640 2185 782 2239 euchiridio
807 2191 944 2256 poetarum
963 2186 1169 2255 clarissimorum,
1188 2187 1307 2258 Erphor·

182 2257 243 2308 diae
261 2255 337 2320 1502,
355 2257 424 2324 quod
443 2255 469 2308 in
505 2272 575 2323 rogr.
593 2255 675 2326 primo
693 2255 866 2322 describitur3
890 2257 940 2314 clr.
959 2255 1059 2326 Mylius
1076 2257 1234 2312 memorabil.
1245 2257 1307 2315 bibl.

183 2325 257 2379 acad.
274 2323 379 2379 Je'nens.
397 2341 424 2394 p.
441 2273 515 2393 2379.)

136 2398 212 2459 Geo.
237 2398 314 2459 Rud.
336 2399 490 2456 Biihmer
520 2395 556 2465 Q.
582 2398 644 2459 Ser.
674 2398 841 2456 Sammonici
864 2417 948 2460 carm.
974 2398 1012 2456 de
1040 2397 1146 2476 capillis
1166 2399 1307 2475 tingendis

179 2484 281 2617 behem
306 2490 341 2632 Jet
366 2482 495 2541 illustrat.
542 2477 937 2546 Viteb.1798-1800.4.
981 2487 1042 2554 (Ad
1063 2506 1090 2544 v.
1107 2489 1241 2545 46-58.
1262 2490 1306 2543 ed.

205 2582 220 2617 0
239 2581 301 2620 01111.

406 2750 475 2849 O.
558 2751 764 2849 Aetas
805 2751 1041 2847 media.

540 2941 578 3012 1.
624 2938 903 3010 orientales.

471 3105 533 3146 aa.
598 3092 977 3150 Generatim.

138 3195 228 3256 Maru.
260 3192 431 3272 Norberg
463 3197 530 3261 diss.
563 3199 599 3256 de
628 3199 765 3257 medicina
794 3194 919 3255 Arabum
952 3201 981 3254 et
1016 3195 1052 3253 de
1076 3193 1154 3273 lepra
1175 3191 1308 3253 Arabum.

181 3279 275 3342 Lond.
302 3282 456 3339 Scanorum
491 3281 619 3362 (Lund)
650 3277 740 3342 1791.
763 3275 792 3342 4.
827 3316 864 3328 -
897 3281 993 3340 Remus.
1015 3283 1044 3338 in
1065 3280 1163 3358 Ejusd.
1186 3279 1308 3358 Opuscc.

181 3366 261 3423 acad.
288 3367 333 3423 ed.
355 3366 399 3423 Jo.
424 3365 583 3440 Numnam,
610 3368 645 3425 ib.
674 3361 892 3428 1817-1819,
918 3362 947 3424 8.
970 3366 1032 3425 Vol.
1056 3366 1103 3423 111.
1126 3386 1154 3443 p.
1179 3359 1244 3422 404
1266 3380 1308 3439 sq.

183 3447 299 3512 (Auctor
315 3464 367 3499 non
384 3448 499 3501 medicus
517 3455 575 3501 erat
592 3448 638 3501 sed
656 3447 813 3518 philologiae
831 3447 963 3501 orientalis
982 3447 1102 3516 peritus.)

138 3517 234 3576 Pierre
254 3518 315 3581 Jos.
341 3516 519 3579 Amoreux
551 3523 622 3580 essai
654 3522 806 3596 historique
839 3527 868 3579 et
892 3520 1012 3578 literaire
1036 3537 1085 3576 sur
1112 3517 1140 3574 la
1164 3513 1309 3572 medecine

182 3603 233 3661 dea
255 3599 371 3662 Araban.
415 3601 594 3683 Moutpellier
618 3601 709 3667 1815.
730 3600 761 3667 8.

140 3687 238 3746 Simon
262 3687 469 3748 Aronstein
491 3691 560 3766 quid
581 3690 721 3749 Arabibus
741 3691 770 3749 in
795 3695 855 3748 arte
880 3688 988 3746 medica
1013 3691 1042 3743 et
1062 3681 1255 3740 conservanda
1280 3686 1309 3739 et

183 3753 338 3866 excolenda
363 3775 510 3849 debeatur,
536 3775 601 3838 diss.
623 3777 717 3851 inaug.
760 3775 853 3833 Berol.
882 3768 973 3831 1824.
998 3764 1028 3825 4.
1072 3771 1169 3839 (Nova
1182 3769 1230 3823 vix
1245 3788 1309 3823 con-

139 3855 484 3986 Feilddtbbiistenfeld
511 3928 678 3987 Geschichte
710 3929 761 3986 der
786 3921 948 3984 arabisehen
980 3918 1085 3979 Aerzte
1110 3922 1169 3980 und
1201 3918 1310 3979 Natur-

184 4008 317 4068 sorscher.
360 4010 443 4070 Nach
466 4013 522 4070 den
551 4012 669 4080 Quellen
694 4011 857 4088 gearbeitet.
902 4005 1032 4080 thting.
1055 3999 1146 4064 1840.
1172 4000 1201 4064 8.
1245 4009 1310 4075 (Se-

184 4089 295 4142 cundum
320 4102 463 4162 temporum
490 4093 604 4146 ordinem
627 4099 762 4145 auctorum
780 4089 893 4142 Arabum
911 4086 1044 4139 historiam
1063 4094 1185 4152 enarrat,
1222 4100 1309 4136 eorum

184 4157 262 4210 etiam
288 4159 335 4214 hos
357 4179 505 4226 recensens,
540 4162 573 4213 de
598 4161 691 4229 quibus
715 4176 763 4213 ms.
788 4157 868 4210 solum
887 4174 902 4207 o
924 4172 969 4207 era
986 4155 1029 4207 vel
1047 4153 1139 4206 notitia
1157 4158 1256 4205 tantum
1275 4151 1310 4204 ad

183 4244 232 4279 nos
257 4239 439 4296 pervenerunt.
480 4229 577 4284 Addita
601 4236 662 4282 sunt
683 4228 785 4296 aliquot
807 4223 949 4295 specimina
975 4222 1177 4294 biographorum
1195 4221 1310 4274 Arabum

184 4294 292 4350 arabica
308 4298 397 4366 lingua
416 4299 589 4370 conscripta.)

139 4364 236 4444 Aloys.
260 4371 446 4448 Spreuger
477 4373 544 4433 diss.
572 4372 668 4444 inaug.
694 4370 731 4427 de
757 4367 909 4446 originibus
934 4365 1089 4425 medicinae
1110 4362 1237 4422 arabicae
1257 4361 1310 4422 snb
1423 4383 1424 4386 ’

182 4453 326 4520 hhalifatu.
371 4455 467 4534 Lugd.
491 4457 555 4518 Bet.
578 4449 669 4515 1840.
690 4448 721 4518 8.
