2888 4958
573 312 650 372 Libri
674 314 782 376 medici.
1228 309 1269 373 15

94 471 140 531 Jo.
166 469 226 527 Jac.
249 465 444 544 Mangetus
466 465 638 524 bibliotheca
659 465 827 544 scriptorum
849 467 1021 524 medicorum
1043 471 1167 526 veterum
1182 473 1211 526 et
1225 487 1269 528 re

139 555 304 623 centiorum,
327 553 354 610 in
381 570 438 626 qua
457 551 509 608 sub
535 551 675 626 omnium,
704 553 752 627 qui
775 552 911 609 amandi
934 551 1092 629 primordiis
1120 555 1157 610 ad
1180 571 1269 628 usque

138 659 212 700 saec.
235 639 339 695 Christ.
365 636 468 694 XVlll.
494 637 570 693 initia
590 637 735 708 vixerunt,
763 637 939 702 nominibus,
965 639 1063 695 ordine
1085 638 1195 715 alphab.
1217 640 1269 697 ad-

139 724 269 801 scriptis,
309 723 402 796 vitae,
441 721 584 800 opiniones
618 725 646 778 et
678 721 782 799 scripta
814 727 991 779 recensentur
1017 727 1069 784 etc.
1117 723 1191 781 Voll.
1219 722 1268 786 lv.

139 809 248 870 Gener.
276 801 368 866 1731.
397 807 418 865 f.
482 804 546 863 Cum
577 803 671 882 effigg·
727 817 802 885 (Non
830 819 896 871 adeo
921 820 1008 888 magni
1033 819 1164 872 aestimari
1187 821 1268 887 solet;

139 907 208 959 quae
226 894 312 941 autem
330 905 346 939 a
364 887 490 954 Mangeto
508 887 593 939 adhuc
611 887 699 938 editae
717 893 793 940 sant:
822 889 981 941 bibliotheca
999 891 1064 941 racd.
1082 897 1181 957 praet,
1199 908 1269 943 aaa·

143 968 222 1022 tom.,
248 959 387 1026 chirurg,
412 957 560 1024 pharmoc,
579 956 703 1022 eboraica,
724 956 889 1010 collectiones
908 965 969 1010 sunt
987 959 1134 1026 opusculor.
1154 959 1269 1014 averiis

144 1026 300 1081 auctoribus
318 1025 538 1094 compositorum.)

100 1117 255 1176 Hermanni
286 1114 498 1172 Boiirhaave
534 1114 683 1172 methodus
709 1115 795 1172 studii
817 1114 915 1171 medici
942 1114 1097 1173 emaculata
1118 1123 1147 1174 et
1176 1136 1269 1177 acces·
1292 1151 1298 1155 -

143 1202 266 1260 sionibus
286 1199 457 1278 locupletata
479 1198 515 1255 ab
531 1197 596 1260 Alb.
614 1199 650 1255 ab
667 1198 805 1255 Haller.
828 1199 912 1256 Tomi
930 1198 964 1260 ll.
996 1197 1112 1258 Amstcl.
1130 1198 1221 1265 1751.
1239 1199 1269 1267 4.

98 1300 102 1307 ’
144 1283 200 1350 (Ex
217 1297 299 1350 parva
318 1280 348 1335 B.
373 1278 576 1348 methodologia,
600 1279 684 1334 Lond.
702 1279 744 1331 vel
763 1280 903 1334 amstelod.
928 1278 1001 1333 1726.
1024 1281 1064 1349 8.,
1083 1283 1118 1334 ib.
1141 1282 1216 1337 1734.
1233 1283 1269 1349 8.,

141 1352 242 1420 plenum
259 1349 294 1403 H.
315 1349 445 1401 conficere
463 1350 583 1402 tentabat
600 1348 689 1403 libror.
708 1348 864 1400 medicorum
880 1365 962 1424 usque
981 1350 1014 1401 ad
1032 1368 1079 1403 sua
1092 1359 1211 1420 tempora
1224 1369 1270 1405 ca-

142 1420 266 1486 talogum,
284 1417 318 1469 ad
337 1435 412 1486 quem
430 1416 523 1469 indicis
541 1416 697 1485 alphabetici
715 1415 771 1468 loco
790 1435 848 1468 esse
862 1425 966 1487 potesta
987 1420 1065 1471 Corn.
1088 1420 1270 1475 Pereboom

142 1488 222 1540 iader
239 1495 346 1540 auctor.
364 1493 391 1538 ct
409 1503 496 1537 reram
513 1487 624 1537 marimo
641 1487 802 1539 memorabit.
821 1487 899 1542 areth.
918 1489 990 1542 stud.
1008 1491 1075 1545 med.
1086 1490 1176 1546 Herm
1187 1491 1270 1544 Borir·

144 1558 231 1609 honae
248 1563 295 1610 etc.
333 1552 423 1624 Lngd.
437 1555 535 1606 Batou.
556 1552 630 1610 1759.
649 1555 688 1621 4.)

100 1629 193 1708 Chph.
225 1628 355 1705 Theoph.
388 1628 432 1685 de
457 1627 553 1685 Murr
587 1627 782 1684 annotationes
812 1629 849 1685 ad
874 1627 1055 1687 bibliothecas
1084 1629 1270 1703 Hallerianas,

144 1733 205 1771 cum
227 1714 309 1770 variis
331 1713 369 1770 ad
394 1712 498 1789 scripta
518 1712 602 1774 atich.
625 1713 734 1770 Serveti
756 1713 967 1789 pertinentibus.
998 1714 1115 1790 Erlang.
1134 1711 1225 1776 1805.
1239 1714 1269 1779 4.

144 1792 332 1860 (Bibliothecae
349 1793 524 1858 Hallerianas,
547 1792 707 1856 botanicum,
726 1794 912 1857 anatomicam,
932 1794 1104 1864 chirurgicam
1123 1804 1150 1849 et
1167 1798 1270 1868 practi-

145 1881 210 1929 cam,
228 1863 281 1915 suis
299 1862 364 1916 locis
382 1863 440 1918 soil.
458 1864 506 1916 sub
524 1862 564 1915 his
580 1862 643 1932 ipsis
661 1862 787 1915 doctrinis
805 1864 940 1932 dicemus.)

102 1952 306 2014 Taschenbuch
328 1953 398 2010 oder
418 1951 611 2011 Verzeichniss
636 1971 693 2010 von
718 1953 945 2025 medicinischen,
973 1953 1173 2028 botanischcn,
1198 1956 1271 2034 phy-

146 2037 320 2111 sikalischen,
336 2037 544 2096 anatomischen
559 2038 619 2095 und
634 2037 874 2114 alchymistischen
887 2038 1026 2098 Biichern.
1048 2039 1166 2097 Breslau
1178 2036 1271 2102 1787.

147 2119 355 2257 ῗᾷῃᾶέιιεῖᾱεῗ
368 2135 601 2268 ὖοξεαηςοιιοτὶει
639 2135 807 2187 Bibliotheca
832 2134 1082 2202 physico-medica.
1124 2138 1270 2195 Vrotisloa.

216 2243 223 2258 .
261 2241 266 2252 .
352 2222 396 2255 o.

102 2277 150 2339 Jo.
172 2276 231 2334 Jac.
253 2275 353 2332 Palm
378 2275 504 2334 Versuch
527 2276 603 2334 einer
622 2275 839 2334 medicinischen
860 2275 1108 2342 Handbibliothelr.
1152 2279 1269 2358 Erlang.

146 2355 238 2421 1788.
261 2355 290 2418 8.
336 2365 523 2434 (Bibliopolas
539 2383 606 2434 opus
622 2365 736 2433 adjectis
752 2364 881 2418 librorum
896 2365 1019 2434 pretiis.)

102 2447 177 2504 Guil.
201 2445 321 2503 Godofr.
347 2445 549 2520 Ploucquct
569 2447 646 2503 initia
668 2445 852 2504 bibliothecae
869 2447 1131 2523 medico-practicae
1147 2455 1175 2507 et
1199 2448 1270 2507 chir-

144 2531 257 2606 urgicae
294 2530 375 2588 realis
414 2531 473 2587 sive
504 2531 664 2606 Repertorii
689 2532 842 2589 medicinae
874 2532 1013 2610 practicae
1047 2537 1075 2589 et
1108 2534 1270 2610 chirurgiae.

143 2615 216 2678 Voll.
237 2614 313 2678 Vlll.
349 2615 474 2690 Tubing.
497 2609 714 2675 1793-1797.
739 2610 768 2677 4.

103 2733 146 2745 —-
167 2733 209 2743 —
231 2699 400 2757 bibliotheca
421 2700 667 2777 medico-practica
690 2705 718 2757 et
740 2700 893 2774 chirurgica
918 2698 1000 2757 realis
1023 2701 1176 2773 recentior,
1213 2701 1272 2761 sive

148 2784 329 2841 Continuatio
353 2790 381 2842 et
402 2785 604 2861 Supplementa
628 2785 768 2842 initiorum
789 2784 974 2840 bibliothecae
995 2785 1272 2860 medico-practicae

148 2875 178 2926 et
202 2868 373 2942 chirurgicae
409 2870 468 2927 sive
499 2870 658 2947 Repertorii
686 2869 840 2926 medicinae
872 2868 1011 2944 practicae
1044 2875 1072 2925 et
1108 2869 1270 2944 chirurgiae.

152 2952 221 3016 Voll,
234 2951 282 3013 IV.
298 2953 421 3029 Tubing.
436 2948 529 3027 1790,
547 2949 638 3016 1803.
654 2950 684 3014 4.
708 2957 944 3026 (Supplementum
955 2957 1143 3009 antecedentis
1155 2958 1271 3028 operis.)

104 3071 148 3085 —-
168 3037 372 3096 —literatura
394 3040 503 3096 medica
524 3041 633 3114 digesta
655 3039 712 3097 sive
732 3039 930 3115 Repertorium
952 3039 1106 3096 medicinae
1125 3039 1273 3116 practicae,

147 3120 302 3198 chirurgiae
320 3129 406 3198 atque
427 3125 467 3181 rei
490 3123 672 3184 obstetricias.
695 3124 768 3185 Voll.
790 3123 840 3184 lV.
862 3118 1107 3199 Tubing.›-1808,
1129 3119 1220 3188 1809.
1241 3120 1271 3184 4.

147 3203 374 3272 (Compleotuntur
391 3204 475 3258 omnia
493 3205 603 3273 quaein
621 3206 696 3258 modo
714 3204 791 3257 dictis
809 3204 864 3256 ΧΠ
878 3204 1048 3257 voluminibus
1066 3203 1153 3258 insunt
1165 3213 1193 3260 et
1208 3223 1271 3259 oon·

147 3273 315 3326 tinuationem
333 3273 417 3341 hujus
428 3272 580 3326 literaturae
597 3291 680 3342 usque
698 3275 732 3326 ad
751 3273 890 3326 novissima
908 3275 1048 3342 tempora.)

103 3376 151 3390 -
171 3378 214 3389 -
235 3345 380 3403 literatura
405 3347 514 3404 medica
535 3347 645 3422 digesta
667 3354 719 3404 etc.
742 3346 923 3404 Continuatio
945 3352 974 3404 et
996 3346 1229 3425 supplementum
1249 3345 1270 3404 I.

144 3429 269 3505 Tubissg.
293 3425 384 3488 1814·
404 3424 435 3493 4.
480 3442 586 3506 (Omnia
609 3443 674 3496 haec
698 3442 828 3496 volumina
844 3444 940 3497 sistunt
956 3442 1100 3512 repertorio
1117 3442 1200 3495 realia
1216 3459 1272 3494 me·

146 3510 257 3577 dicitius,
276 3510 441 3579 alphabetico
460 3512 550 3566 ordine
568 3529 653 3565 rerum
671 3512 782 3582 digesta,
801 3515 909 3585 copiosa
927 3512 1046 3581 quidem,
1070 3511 1116 3564 sed
1135 3527 1186 3563 non
1204 3526 1271 3563 sern-

84 3596 91 3607 ’
146 3597 195 3648 per
212 3580 277 3632 satis
294 3581 443 3646 accurata.)

103 3650 169 3711 Car.
191 3652 256 3713 Glo.
278 3652 383 3710 Kiihn
409 3653 578 3713 bibliotheca
603 3655 712 3712 medica
734 3655 880 3713 continens
903 3654 1006 3730 scripta
1026 3651 1197 3708 medicorum
1211 3669 1271 3709 om-

145 3738 189 3794 nis
220 3737 281 3794 aevi
316 3738 414 3796 ordine
438 3740 603 3797 methodica
641 3740 787 3816 disposita.
841 3738 906 3796 Vol.
932 3737 953 3795 l.
1011 3733 1088 3811 Lips.
1117 3729 1208 3796 1794.
1241 3729 1271 3797 8.

148 3817 342 3881 (Doctrinarum
367 3818 480 3872 ordinem
506 3820 624 3890 sequitur
641 3827 669 3873 et
685 3820 712 3872 iu
729 3821 779 3873 hoc
797 3819 925 3872 volumine
952 3815 1099 3881 Chemiam,
1134 3815 1271 3885 Physicen,

146 3886 246 3942 Histor.
264 3887 424 3952 naturalem,
461 3888 697 3959 Encyclopaediam
722 3896 748 3942 et
773 3888 947 3940 Literaturam
964 3885 1090 3939 medicam
1108 3893 1270 3956 pertractat3

148 3955 267 4008 volumen
284 3955 391 4009 alterum
409 3974 460 4010 non
477 3959 604 4028 prodiit.)

103 4024 170 4102 (Jo.
192 4028 269 4089 Sam.
295 4027 429 4106 Ersch)
457 4031 680 4107 systematisches
704 4026 897 4086 Vcrzeichniss
924 4027 974 4086 der
998 4027 1027 4085 in
1052 4028 1102 4085 der
1127 4025 1271 4084 medicini-

146 4112 243 4184 schen,
265 4111 494 4190 physicalischen,
517 4116 691 4174 chemischen
713 4115 772 4171 und
795 4113 1062 4170 naturhistorischen
1083 4110 1226 4168 Literatur
1242 4110 1272 4168 in

146 4198 174 4260 d.
197 4198 223 4260 J.
250 4193 334 4258 1785
355 4199 398 4256 bis
422 4193 507 4260 1790
534 4198 838 4274 herausgelrommenen
867 4197 1017 4255 deutschen
1046 4196 1105 4252 und
1130 4193 1272 4252 ausl‘a‘ndi·

144 4283 232 4341 schen
262 4283 413 4346 Schriften.
462 4284 515 4342 Mit
540 4283 748 4358 Nachweisung
770 4283 821 4340 der
842 4282 871 4340 in
892 4283 947 4340 den
971 4281 1168 4339 vomehmsten
1193 4278 1271 4336 lrriti-

146 4368 231 4427 schen
252 4368 407 4428 Journalen
431 4388 488 4428 von
510 4371 594 4428 ihncn
620 4367 799 4428 euthaltenen
823 4366 1026 4439 Recensionen‚
1048 4364 1119 4423 auch
1144 4361 1271 4441 Anaeige

145 4452 230 4513 vicler
250 4453 280 4513 in
300 4453 496 4534 periodischen
517 4455 659 4516 Schriften
681 4459 854 4514 zerstreuten
876 4453 1019 4513 einzelnen
1033 4449 1270 4527 Abbandlungen.
