2888 4958
31 1316 49 1333 ο
86 1187 224 1295 Annus
245 1230 314 1312 jam
340 1230 449 1317 agitur
473 1229 663 1320 vigesimus,
689 1247 732 1296 ex
757 1248 819 1316 quo
845 1226 960 1295 tabulis
992 1230 1072 1295 meis
1097 1231 1249 1318 synopti-

11 1364 45 1425 ἱ·
85 1364 129 1430 cis
157 1352 326 1432 historiam
352 1362 567 1432 doctrinarum
591 1364 786 1434 medicarum
810 1365 1090 1454 complectentibus
1115 1385 1250 1455 parvum

10 1467 49 1585 ’ζ
85 1503 212 1568 omnino
244 1506 278 1570 et
301 1520 447 1568 mancum
472 1499 627 1568 addebam
652 1503 836 1594 catalogum
860 1502 1016 1570 librorum
1049 1503 1180 1593 proprie
1206 1501 1251 1570 ad

10 1579 53 1775 ἕ.
84 1634 250 1705 historiam
274 1635 451 1704 medicinae
476 1639 710 1727 pertinentium,
761 1638 841 1706 lnde
865 1659 968 1728 neque
990 1642 1129 1729 tempori
1147 1659 1250 1728 nequa

14 1788 37 1880 g
84 1774 239 1841 sumtibus
271 1775 420 1866 peperci,
452 1776 489 1842 ut
520 1776 697 1865 pleniorem
729 1779 762 1844 et
792 1778 1021 1845 acanatiorem
1055 1775 1250 1866 adipiscerer

10 1880 37 1985 ’ξ
85 1874 298 2000 cognitionem
323 1909 479 1997 ejusmodi
502 1904 659 1980 librorum
686 1917 719 1980 et
745 1917 781 1981 ut
806 1913 931 2002 plenius
957 1911 1075 2001 aliquid
1108 1918 1142 1982 et
1166 1932 1249 1982 con-

10 2002 34 2073 3
85 2047 206 2114 ciuuius
236 2046 366 2114 tradere
399 2068 527 2136 possem
560 2048 619 2141 iis,
658 2051 711 2138 qui
741 2049 824 2116 haec
854 2046 959 2116 studia
991 2068 1056 2117 non
1088 2048 1189 2118 obiter
1217 2054 1249 2117 et

84 2181 313 2277 perfunctorio,
341 2183 399 2251 scd
427 2182 616 2274 profundius
637 2192 671 2255 et
689 2186 834 2254 subtilius
852 2189 992 2253 tractare
1011 2186 1247 2255 consueverint.

185 2321 261 2389 dam
294 2343 366 2390 cum
398 2323 429 2388 in
456 2343 496 2391 eo
525 2325 604 2415 sim,
637 2330 674 2394 ut
705 2323 822 2414 talem,
855 2324 979 2412 qualem
1009 2321 1187 2392 meditabar
1214 2327 1248 2390 et

83 2462 189 2526 mente
215 2460 441 2552 concipiebam,
468 2459 602 2528 indicem
626 2460 691 2528 luci
717 2464 922 2552 committam,
947 2480 1065 2529 vereor
1078 2479 1119 2528 ne
1138 2461 1171 2527 in
1191 2461 1246 2527 vi-

81 2598 207 2686 tuperia
225 2598 331 2688 magis
356 2618 449 2686 quam
470 2596 584 2665 laudes
610 2597 780 2665 incurram.
831 2598 916 2664 Nam
941 2595 1122 2666 redundare
1147 2597 1247 2664 multa
1306 2556 1312 2575 Ι

82 2733 190 2800 multis
216 2733 418 2824 videbuntur,
445 2732 560 2802 deesse
582 2756 647 2804 non
672 2754 786 2825 pauca.
837 2733 882 2802 ut
904 2753 1078 2823 quanquam
1089 2737 1246 2818 majorem

82 2870 115 2937 in
140 2872 341 2937 accuratione
371 2890 463 2958 quam
492 2871 524 2936 in
554 2833 815 2961 copialaborem
840 2870 1008 2962 collocavi,
1033 2889 1097 2937 non
1124 2867 1244 2960 dubito,

82 3007 275 3096 quinetiam
303 3007 334 3072 in
359 3005 422 3074 hac
446 3026 544 3098 saepe
570 3008 688 3098 aliquid
713 3006 924 3076 desideretur.
958 3007 1050 3076 llaec
1074 3004 1244 3074 imbecilli-

79 3147 136 3211 tati
162 3142 357 3212 condonabis
381 3143 552 3236 humanae,
579 3145 710 3236 Lector,
738 3150 770 3212 et
793 3145 951 3214 benevole
980 3143 1175 3245 emendabis.

180 3282 293 3371 Neque
317 3285 423 3349 tanmn
448 3282 559 3350 inutile
585 3281 705 3372 aliquid
731 3282 911 3372 suscepisse
935 3281 1012 3350 mihi
1032 3280 1158 3371 videor,
1183 3298 1243 3347 nec

79 3424 114 3489 ut
138 3423 264 3487 inanem
288 3419 463 3510 gloriolam
491 3418 565 3486 inde
590 3421 772 3510 auspicatus
794 3419 897 3488 fuisse
922 3438 1091 3510 arguerer.
1149 3414 1243 3484 Haec

80 3559 164 3624 enim
198 3559 319 3647 exigua
351 3559 478 3627 omnino
510 3559 571 3625 erit
600 3560 634 3624 in
666 3555 825 3643 eJusmodi
857 3575 974 3647 opero,
1007 3552 1091 3643 quod
1119 3551 1242 3642 ingenii

76 3715 202 3786 parum,
233 3691 426 3761 assiduitatis
451 3692 570 3783 ahquid
596 3696 748 3785 exegisse
773 3693 940 3782 videbitur,
973 3693 1006 3758 et
1031 3688 1115 3780 quod
1140 3689 1242 3782 longe

78 3830 206 3918 plurimi
223 3832 316 3898 unius
335 3834 457 3898 tantum
477 3830 615 3899 lineolae
640 3829 840 3920 quaerendae
860 3849 956 3896 causa
971 3829 1133 3921 evolvent,
1146 3848 1241 3916 quam

78 3969 108 4035 si
141 3970 227 4034 recte
251 3970 452 4036 constitutam
477 3970 673 4061 invenerint,
707 3966 739 4034 id
764 3965 854 4034 flocci
882 3962 1017 4058 sacient,
1049 3969 1099 4034 sin
1123 3963 1240 4033 falsam

78 4107 133 4172 aut
158 4105 378 4195 incongruam,
404 4107 550 4196 graviter
576 4104 809 4193 vituperabunt.
859 4102 905 4173 Ut
922 4123 1001 4172 vero
1020 4105 1053 4171 in
1072 4101 1238 4171 unumlo-

77 4262 149 4310 cum
174 4239 305 4308 redacta
328 4240 485 4310 habeatur
510 4241 613 4308 omnis
637 4238 735 4326 hujus
760 4238 914 4311 historiae
928 4239 1109 4332 literatura,
1134 4236 1238 4307 utfa-

78 4378 129 4445 cili
155 4379 286 4469 negotio
313 4380 449 4469 reperiri
476 4381 589 4471 possit,
616 4376 689 4466 quid
715 4375 756 4444 dc
780 4397 965 4467 unaquaque
990 4380 1121 4517 re*jam
1152 4379 1238 4446 scri-
