<?xml version="1.0" encoding="UTF-8"?>
<!DOCTYPE html PUBLIC "-//W3C//DTD XHTML 1.0 Transitional//EN"
    "http://www.w3.org/TR/xhtml1/DTD/xhtml1-transitional.dtd">
<html xmlns="http://www.w3.org/1999/xhtml" xml:lang="en" lang="en">
 <head>
  <title>
</title>
<meta http-equiv="Content-Type" content="text/html;charset=utf-8" />
  <meta name='ocr-system' content='tesseract 3.04.00' />
  <meta name='ocr-capabilities' content='ocr_page ocr_carea ocr_par ocr_line ocrx_word'/>
</head>
<body>
  <div class='ocr_page' id='page_1' title='image "./bibliothecamedi00rosegoog_0009.png"; bbox 0 0 2888 4958; ppageno 0'>
   <div class='ocr_carea' id='block_1_1' title="bbox 143 306 1415 2425">
    <p class='ocr_par' dir='ltr' id='par_1_1' title="bbox 175 306 1415 1060">
     <span class='ocr_line' id='line_1_1' title="bbox 175 306 211 352; baseline 0 0"><span class='ocrx_word' id='word_1_1' title='bbox 175 306 211 352; x_wconf 83' lang='lat' dir='ltr'><strong>nv</strong></span> 
     </span>
     <span class='ocr_line' id='line_1_2' title="bbox 177 418 1341 515; baseline -0.005 -25"><span class='ocrx_word' id='word_1_2' title='bbox 177 425 265 512; x_wconf 88' lang='lat' dir='ltr'><strong>ptum</strong></span> <span class='ocrx_word' id='word_1_3' title='bbox 288 425 331 491; x_wconf 88' lang='lat' dir='ltr'><strong>sit</strong></span> <span class='ocrx_word' id='word_1_4' title='bbox 364 428 397 492; x_wconf 88' lang='lat' dir='ltr'><strong>et</strong></span> <span class='ocrx_word' id='word_1_5' title='bbox 426 423 499 513; x_wconf 90' lang='lat' dir='ltr'><strong>quid</strong></span> <span class='ocrx_word' id='word_1_6' title='bbox 524 423 628 493; x_wconf 86' lang='lat' dir='ltr'><strong>adhno</strong></span> <span class='ocrx_word' id='word_1_7' title='bbox 653 423 753 515; x_wconf 89' lang='lat' dir='ltr'><strong>desit,</strong></span> <span class='ocrx_word' id='word_1_8' title='bbox 779 441 874 510; x_wconf 89' lang='lat' dir='ltr'><strong>quam</strong></span> <span class='ocrx_word' id='word_1_9' title='bbox 898 422 1010 492; x_wconf 86' lang='lat' dir='ltr'><strong>variae</strong></span> <span class='ocrx_word' id='word_1_10' title='bbox 1038 419 1173 508; x_wconf 87' lang='lat' dir='ltr'><strong>denique</strong></span> <span class='ocrx_word' id='word_1_11' title='bbox 1198 418 1261 486; x_wconf 91' lang='lat' dir='ltr'><strong>sint</strong></span> <span class='ocrx_word' id='word_1_12' title='bbox 1285 436 1341 485; x_wconf 86' lang='lat' dir='ltr'><strong>res</strong></span> 
     </span>
     <span class='ocr_line' id='line_1_3' title="bbox 179 554 1415 654; baseline 0.001 -29"><span class='ocrx_word' id='word_1_13' title='bbox 179 556 221 626; x_wconf 95' lang='lat' dir='ltr'><strong>ad</strong></span> <span class='ocrx_word' id='word_1_14' title='bbox 246 558 329 627; x_wconf 90' lang='lat' dir='ltr'><strong>hanc</strong></span> <span class='ocrx_word' id='word_1_15' title='bbox 350 559 516 630; x_wconf 79' lang='lat' dir='ltr'><strong>historiam</strong></span> <span class='ocrx_word' id='word_1_16' title='bbox 540 559 707 654; x_wconf 84' lang='lat' dir='ltr'><strong>facientes,</strong></span> <span class='ocrx_word' id='word_1_17' title='bbox 732 558 816 626; x_wconf 91' lang='lat' dir='ltr'><strong>hanc</strong></span> <span class='ocrx_word' id='word_1_18' title='bbox 841 557 990 648; x_wconf 87' lang='lat' dir='ltr'><strong>putabam</strong></span> <span class='ocrx_word' id='word_1_19' title='bbox 1015 554 1089 625; x_wconf 86' lang='lat' dir='ltr'><strong>fore</strong></span> <span class='ocrx_word' id='word_1_20' title='bbox 1116 555 1213 642; x_wconf 89' lang='lat' dir='ltr'><strong>hujus</strong></span> <span class='ocrx_word' id='word_1_21' title='bbox 1238 554 1339 621; x_wconf 78' lang='lat' dir='ltr'>libelli</span> <span class='ocrx_word' id='word_1_22' title='bbox 1410 618 1415 626; x_wconf 94' lang='lat'><strong>.</strong></span> 
     </span>
     <span class='ocr_line' id='line_1_4' title="bbox 178 689 1341 783; baseline -0.003 -22"><span class='ocrx_word' id='word_1_23' title='bbox 178 695 243 762; x_wconf 86' lang='lat' dir='ltr'><strong>virn</strong></span> <span class='ocrx_word' id='word_1_24' title='bbox 269 699 302 763; x_wconf 88' lang='lat' dir='ltr'><strong>et</strong></span> <span class='ocrx_word' id='word_1_25' title='bbox 330 717 433 766; x_wconf 92' lang='lat' dir='ltr'><strong>usum.</strong></span> <span class='ocrx_word' id='word_1_26' title='bbox 483 697 551 768; x_wconf 88' lang='lat' dir='ltr'><strong>Aut</strong></span> <span class='ocrx_word' id='word_1_27' title='bbox 576 699 658 766; x_wconf 89' lang='lat' dir='ltr'><strong>enim</strong></span> <span class='ocrx_word' id='word_1_28' title='bbox 684 694 811 765; x_wconf 90' lang='lat' dir='ltr'><strong>omnino</strong></span> <span class='ocrx_word' id='word_1_29' title='bbox 838 691 1064 783; x_wconf 85' lang='lat' dir='ltr'><strong>dereliquenda</strong></span> <span class='ocrx_word' id='word_1_30' title='bbox 1089 695 1140 759; x_wconf 90' lang='lat' dir='ltr'><strong>est</strong></span> <span class='ocrx_word' id='word_1_31' title='bbox 1164 689 1341 759; x_wconf 79' lang='lat' dir='ltr'><strong>medicinae</strong></span> 
     </span>
     <span class='ocr_line' id='line_1_5' title="bbox 179 824 1339 923; baseline -0.003 -26"><span class='ocrx_word' id='word_1_32' title='bbox 179 835 212 897; x_wconf 91' lang='lat' dir='ltr'><strong>et</strong></span> <span class='ocrx_word' id='word_1_33' title='bbox 237 833 387 902; x_wconf 76' lang='lat' dir='ltr'><strong>scientiae</strong></span> <span class='ocrx_word' id='word_1_34' title='bbox 411 836 567 903; x_wconf 89' lang='lat' dir='ltr'><strong>naturalis</strong></span> <span class='ocrx_word' id='word_1_35' title='bbox 593 833 740 923; x_wconf 89' lang='lat' dir='ltr'><strong>historia,</strong></span> <span class='ocrx_word' id='word_1_36' title='bbox 767 836 821 899; x_wconf 90' lang='lat' dir='ltr'><strong>aut</strong></span> <span class='ocrx_word' id='word_1_37' title='bbox 840 830 1013 921; x_wconf 83' lang='lat' dir='ltr'><strong>prudenter</strong></span> <span class='ocrx_word' id='word_1_38' title='bbox 1031 826 1207 897; x_wconf 87' lang='lat' dir='ltr'><strong>haurienda</strong></span> <span class='ocrx_word' id='word_1_39' title='bbox 1229 824 1339 896; x_wconf 83' lang='lat' dir='ltr'><strong>elon-</strong></span> 
     </span>
     <span class='ocr_line' id='line_1_6' title="bbox 177 967 607 1060; baseline 0.007 -25"><span class='ocrx_word' id='word_1_40' title='bbox 177 967 260 1036; x_wconf 89' lang='lat' dir='ltr'><strong>tibus</strong></span> <span class='ocrx_word' id='word_1_41' title='bbox 282 973 372 1059; x_wconf 89' lang='lat' dir='ltr'><strong>puris</strong></span> <span class='ocrx_word' id='word_1_42' title='bbox 399 976 432 1039; x_wconf 91' lang='lat' dir='ltr'><strong>et</strong></span> <span class='ocrx_word' id='word_1_43' title='bbox 456 972 607 1060; x_wconf 81' lang='lat' dir='ltr'><strong>copiosis.</strong></span> 
     </span>
    </p>

    <p class='ocr_par' dir='ltr' id='par_1_2' title="bbox 143 1097 1345 2425">
     <span class='ocr_line' id='line_1_7' title="bbox 280 1097 1342 1194; baseline -0.007 -19"><span class='ocrx_word' id='word_1_44' title='bbox 280 1106 353 1175; x_wconf 87' lang='lat' dir='ltr'><strong>llac</strong></span> <span class='ocrx_word' id='word_1_45' title='bbox 378 1125 421 1175; x_wconf 83' lang='lat' dir='ltr'><strong>ex</strong></span> <span class='ocrx_word' id='word_1_46' title='bbox 446 1126 544 1175; x_wconf 86' lang='lat' dir='ltr'><strong>causa</strong></span> <span class='ocrx_word' id='word_1_47' title='bbox 574 1126 638 1175; x_wconf 91' lang='lat' dir='ltr'><strong>non</strong></span> <span class='ocrx_word' id='word_1_48' title='bbox 664 1106 821 1175; x_wconf 88' lang='lat' dir='ltr'><strong>delectum</strong></span> <span class='ocrx_word' id='word_1_49' title='bbox 847 1103 926 1173; x_wconf 90' lang='lat' dir='ltr'><strong>dare</strong></span> <span class='ocrx_word' id='word_1_50' title='bbox 949 1103 1057 1194; x_wconf 87' lang='lat' dir='ltr'><strong>volui,</strong></span> <span class='ocrx_word' id='word_1_51' title='bbox 1085 1100 1144 1169; x_wconf 91' lang='lat' dir='ltr'><strong>sed</strong></span> <span class='ocrx_word' id='word_1_52' title='bbox 1170 1097 1273 1190; x_wconf 90' lang='lat' dir='ltr'><strong>quoad</strong></span> <span class='ocrx_word' id='word_1_53' title='bbox 1308 1099 1342 1168; x_wconf 92' lang='lat' dir='ltr'><strong>id</strong></span> 
     </span>
     <span class='ocr_line' id='line_1_8' title="bbox 179 1235 1343 1336; baseline -0.003 -29"><span class='ocrx_word' id='word_1_54' title='bbox 179 1240 249 1308; x_wconf 80' lang='lat' dir='ltr'><strong>heri</strong></span> <span class='ocrx_word' id='word_1_55' title='bbox 274 1242 388 1334; x_wconf 91' lang='lat' dir='ltr'><strong>potuit,</strong></span> <span class='ocrx_word' id='word_1_56' title='bbox 413 1243 541 1332; x_wconf 84' lang='lat' dir='ltr'><strong>plenam</strong></span> <span class='ocrx_word' id='word_1_57' title='bbox 564 1242 776 1336; x_wconf 85' lang='lat' dir='ltr'><strong>literaturam,</strong></span> <span class='ocrx_word' id='word_1_58' title='bbox 802 1241 915 1310; x_wconf 91' lang='lat' dir='ltr'><strong>additis</strong></span> <span class='ocrx_word' id='word_1_59' title='bbox 942 1239 1097 1308; x_wconf 89' lang='lat' dir='ltr'><strong>interdum</strong></span> <span class='ocrx_word' id='word_1_60' title='bbox 1113 1235 1242 1324; x_wconf 87' lang='lat' dir='ltr'><strong>judiciis</strong></span> <span class='ocrx_word' id='word_1_61' title='bbox 1261 1255 1343 1305; x_wconf 88' lang='lat' dir='ltr'><strong>cau-</strong></span> 
     </span>
     <span class='ocr_line' id='line_1_9' title="bbox 179 1373 1344 1470; baseline -0.003 -27"><span class='ocrx_word' id='word_1_62' title='bbox 179 1377 220 1443; x_wconf 90' lang='lat' dir='ltr'><strong>tis</strong></span> <span class='ocrx_word' id='word_1_63' title='bbox 253 1380 285 1444; x_wconf 89' lang='lat' dir='ltr'><strong>et</strong></span> <span class='ocrx_word' id='word_1_64' title='bbox 316 1381 512 1470; x_wconf 81' lang='lat' dir='ltr'><strong>argumentis</strong></span> <span class='ocrx_word' id='word_1_65' title='bbox 540 1380 747 1449; x_wconf 84' lang='lat' dir='ltr'><strong>brevissimis.</strong></span> <span class='ocrx_word' id='word_1_66' title='bbox 800 1379 920 1470; x_wconf 83' lang='lat' dir='ltr'><strong>Omisi,</strong></span> <span class='ocrx_word' id='word_1_67' title='bbox 952 1378 1061 1468; x_wconf 91' lang='lat' dir='ltr'><strong>paucis</strong></span> <span class='ocrx_word' id='word_1_68' title='bbox 1089 1374 1252 1465; x_wconf 86' lang='lat' dir='ltr'><strong>exceptis,</strong></span> <span class='ocrx_word' id='word_1_69' title='bbox 1277 1373 1344 1440; x_wconf 88' lang='lat' dir='ltr'><strong>Vi-</strong></span> 
     </span>
     <span class='ocr_line' id='line_1_10' title="bbox 178 1508 1345 1610; baseline -0.003 -31"><span class='ocrx_word' id='word_1_70' title='bbox 178 1515 230 1579; x_wconf 88' lang='lat' dir='ltr'><strong>tas</strong></span> <span class='ocrx_word' id='word_1_71' title='bbox 256 1515 403 1607; x_wconf 81' lang='lat' dir='ltr'><strong>singulas</strong></span> <span class='ocrx_word' id='word_1_72' title='bbox 434 1516 630 1587; x_wconf 89' lang='lat' dir='ltr'><strong>medicorum</strong></span> <span class='ocrx_word' id='word_1_73' title='bbox 660 1519 861 1610; x_wconf 78' lang='lat' dir='ltr'><strong>singulorum</strong></span> <span class='ocrx_word' id='word_1_74' title='bbox 894 1523 927 1585; x_wconf 89' lang='lat' dir='ltr'><strong>et</strong></span> <span class='ocrx_word' id='word_1_75' title='bbox 957 1512 1175 1582; x_wconf 87' lang='lat' dir='ltr'><strong>Bibhothecas</strong></span> <span class='ocrx_word' id='word_1_76' title='bbox 1206 1508 1345 1578; x_wconf 89' lang='lat' dir='ltr'><strong>medicas</strong></span> 
     </span>
     <span class='ocr_line' id='line_1_11' title="bbox 179 1651 1343 1746; baseline -0.004 -29"><span class='ocrx_word' id='word_1_77' title='bbox 179 1651 334 1744; x_wconf 88' lang='lat' dir='ltr'><strong>privatas,</strong></span> <span class='ocrx_word' id='word_1_78' title='bbox 360 1675 432 1722; x_wconf 90' lang='lat' dir='ltr'><strong>cum</strong></span> <span class='ocrx_word' id='word_1_79' title='bbox 457 1657 514 1723; x_wconf 87' lang='lat' dir='ltr'><strong>vix</strong></span> <span class='ocrx_word' id='word_1_80' title='bbox 539 1676 676 1745; x_wconf 89' lang='lat' dir='ltr'><strong>unquam</strong></span> <span class='ocrx_word' id='word_1_81' title='bbox 700 1654 814 1746; x_wconf 88' lang='lat' dir='ltr'><strong>aliquis</strong></span> <span class='ocrx_word' id='word_1_82' title='bbox 832 1652 915 1720; x_wconf 89' lang='lat' dir='ltr'><strong>haec</strong></span> <span class='ocrx_word' id='word_1_83' title='bbox 934 1652 1029 1740; x_wconf 90' lang='lat' dir='ltr'><strong>plene</strong></span> <span class='ocrx_word' id='word_1_84' title='bbox 1051 1667 1241 1719; x_wconf 89' lang='lat' dir='ltr'><strong>enumerare</strong></span> <span class='ocrx_word' id='word_1_85' title='bbox 1260 1666 1343 1736; x_wconf 89' lang='lat' dir='ltr'><strong>pos-</strong></span> 
     </span>
     <span class='ocr_line' id='line_1_12' title="bbox 179 1783 1344 1885; baseline -0.003 -32"><span class='ocrx_word' id='word_1_86' title='bbox 179 1793 232 1857; x_wconf 87' lang='lat' dir='ltr'><strong>set</strong></span> <span class='ocrx_word' id='word_1_87' title='bbox 258 1792 291 1856; x_wconf 89' lang='lat' dir='ltr'><strong>et</strong></span> <span class='ocrx_word' id='word_1_88' title='bbox 316 1790 348 1855; x_wconf 91' lang='lat' dir='ltr'><strong>in</strong></span> <span class='ocrx_word' id='word_1_89' title='bbox 371 1794 540 1885; x_wconf 90' lang='lat' dir='ltr'><strong>majorem,</strong></span> <span class='ocrx_word' id='word_1_90' title='bbox 566 1812 659 1881; x_wconf 86' lang='lat' dir='ltr'><strong>quarn</strong></span> <span class='ocrx_word' id='word_1_91' title='bbox 687 1812 748 1881; x_wconf 90' lang='lat' dir='ltr'><strong>par</strong></span> <span class='ocrx_word' id='word_1_92' title='bbox 773 1797 837 1883; x_wconf 89' lang='lat' dir='ltr'><strong>est,</strong></span> <span class='ocrx_word' id='word_1_93' title='bbox 862 1789 944 1857; x_wconf 91' lang='lat' dir='ltr'><strong>liber</strong></span> <span class='ocrx_word' id='word_1_94' title='bbox 976 1787 1093 1857; x_wconf 89' lang='lat' dir='ltr'><strong>molem</strong></span> <span class='ocrx_word' id='word_1_95' title='bbox 1125 1783 1200 1853; x_wconf 89' lang='lat' dir='ltr'><strong>inde</strong></span> <span class='ocrx_word' id='word_1_96' title='bbox 1232 1787 1344 1853; x_wconf 91' lang='lat' dir='ltr'><strong>incre·</strong></span> 
     </span>
     <span class='ocr_line' id='line_1_13' title="bbox 178 1925 292 1994; baseline 0.026 -3"><span class='ocrx_word' id='word_1_97' title='bbox 178 1925 292 1994; x_wconf 83' lang='lat' dir='ltr'><strong>visset.</strong></span> 
     </span>
     <span class='ocr_line' id='line_1_14' title="bbox 143 2061 1345 2153; baseline -0.006 -21"><span class='ocrx_word' id='word_1_98' title='bbox 143 2080 152 2095; x_wconf 89' lang='lat'><strong>·</strong></span> <span class='ocrx_word' id='word_1_99' title='bbox 282 2062 328 2132; x_wconf 76' lang='lat' dir='ltr'><strong>ht</strong></span> <span class='ocrx_word' id='word_1_100' title='bbox 352 2066 495 2153; x_wconf 87' lang='lat' dir='ltr'><strong>quamvis</strong></span> <span class='ocrx_word' id='word_1_101' title='bbox 521 2065 622 2134; x_wconf 89' lang='lat' dir='ltr'><strong>libros</strong></span> <span class='ocrx_word' id='word_1_102' title='bbox 646 2064 687 2131; x_wconf 90' lang='lat' dir='ltr'><strong>dc</strong></span> <span class='ocrx_word' id='word_1_103' title='bbox 710 2064 847 2133; x_wconf 90' lang='lat' dir='ltr'><strong>historia</strong></span> <span class='ocrx_word' id='word_1_104' title='bbox 873 2061 1102 2153; x_wconf 87' lang='lat' dir='ltr'><strong>epidemiarum</strong></span> <span class='ocrx_word' id='word_1_105' title='bbox 1127 2064 1286 2147; x_wconf 87' lang='lat' dir='ltr'><strong>majorum</strong></span> <span class='ocrx_word' id='word_1_106' title='bbox 1312 2061 1345 2126; x_wconf 90' lang='lat' dir='ltr'><strong>et</strong></span> 
     </span>
     <span class='ocr_line' id='line_1_15' title="bbox 179 2197 1345 2291; baseline -0.006 -24"><span class='ocrx_word' id='word_1_107' title='bbox 179 2200 364 2268; x_wconf 89' lang='lat' dir='ltr'><strong>morborum</strong></span> <span class='ocrx_word' id='word_1_108' title='bbox 393 2201 595 2291; x_wconf 82' lang='lat' dir='ltr'><strong>singulorum</strong></span> <span class='ocrx_word' id='word_1_109' title='bbox 620 2199 746 2289; x_wconf 85' lang='lat' dir='ltr'><strong>plenius</strong></span> <span class='ocrx_word' id='word_1_110' title='bbox 771 2199 1045 2288; x_wconf 80' lang='lat' dir='ltr'><strong>enumeraverim,</strong></span> <span class='ocrx_word' id='word_1_111' title='bbox 1077 2197 1213 2265; x_wconf 84' lang='lat' dir='ltr'><strong>abstinui</strong></span> <span class='ocrx_word' id='word_1_112' title='bbox 1238 2202 1345 2266; x_wconf 67' lang='lat' dir='ltr'><strong>brnen</strong></span> 
     </span>
     <span class='ocr_line' id='line_1_16' title="bbox 183 2331 1345 2425; baseline -0.003 -24"><span class='ocrx_word' id='word_1_113' title='bbox 183 2337 222 2403; x_wconf 86' lang='lat' dir='ltr'><strong>ab</strong></span> <span class='ocrx_word' id='word_1_114' title='bbox 248 2334 423 2403; x_wconf 87' lang='lat' dir='ltr'><strong>indicandis</strong></span> <span class='ocrx_word' id='word_1_115' title='bbox 450 2334 607 2423; x_wconf 90' lang='lat' dir='ltr'><strong>ejusmodi</strong></span> <span class='ocrx_word' id='word_1_116' title='bbox 633 2334 735 2425; x_wconf 89' lang='lat' dir='ltr'><strong>libris,</strong></span> <span class='ocrx_word' id='word_1_117' title='bbox 762 2337 814 2423; x_wconf 91' lang='lat' dir='ltr'><strong>qui</strong></span> <span class='ocrx_word' id='word_1_118' title='bbox 842 2334 1015 2424; x_wconf 88' lang='lat' dir='ltr'><strong>epidemias</strong></span> <span class='ocrx_word' id='word_1_119' title='bbox 1039 2333 1186 2424; x_wconf 84' lang='lat' dir='ltr'><strong>singulas</strong></span> <span class='ocrx_word' id='word_1_120' title='bbox 1211 2331 1274 2400; x_wconf 92' lang='lat' dir='ltr'><strong>hoc</strong></span> <span class='ocrx_word' id='word_1_121' title='bbox 1290 2331 1345 2399; x_wconf 87' lang='lat' dir='ltr'><strong>vel</strong></span> 
     </span>
    </p>
   </div>
   <div class='ocr_carea' id='block_1_2' title="bbox 95 2465 1346 2570">
    <p class='ocr_par' dir='ltr' id='par_1_3' title="bbox 95 2465 1346 2570">
     <span class='ocr_line' id='line_1_17' title="bbox 95 2465 1346 2570; baseline -0.004 -31"><span class='ocrx_word' id='word_1_122' title='bbox 95 2566 97 2570; x_wconf 23' lang='grc' dir='ltr'>Ι</span> <span class='ocrx_word' id='word_1_123' title='bbox 182 2472 240 2541; x_wconf 92' lang='lat' dir='ltr'><strong>illo</strong></span> <span class='ocrx_word' id='word_1_124' title='bbox 268 2492 352 2541; x_wconf 91' lang='lat' dir='ltr'><strong>anno</strong></span> <span class='ocrx_word' id='word_1_125' title='bbox 384 2475 553 2563; x_wconf 85' lang='lat' dir='ltr'><strong>grassatas</strong></span> <span class='ocrx_word' id='word_1_126' title='bbox 586 2475 740 2563; x_wconf 76' lang='lat' dir='ltr'><strong>tractam,</strong></span> <span class='ocrx_word' id='word_1_127' title='bbox 775 2470 869 2560; x_wconf 88' lang='lat' dir='ltr'><strong>idque</strong></span> <span class='ocrx_word' id='word_1_128' title='bbox 902 2490 942 2540; x_wconf 93' lang='lat' dir='ltr'><strong>eo</strong></span> <span class='ocrx_word' id='word_1_129' title='bbox 968 2465 1239 2558; x_wconf 86' lang='lat' dir='ltr'><strong>lubentius&#39;seci,</strong></span> <span class='ocrx_word' id='word_1_130' title='bbox 1274 2487 1346 2535; x_wconf 89' lang='lat' dir='ltr'><strong>cum</strong></span> 
     </span>
    </p>
   </div>
   <div class='ocr_carea' id='block_1_3' title="bbox 99 2602 1351 3928">
    <p class='ocr_par' dir='ltr' id='par_1_4' title="bbox 181 2602 1347 2973">
     <span class='ocr_line' id='line_1_18' title="bbox 181 2602 1347 2701; baseline -0.007 -23"><span class='ocrx_word' id='word_1_131' title='bbox 181 2606 367 2701; x_wconf 82' lang='lat' dir='ltr'><strong>Haeserns,</strong></span> <span class='ocrx_word' id='word_1_132' title='bbox 400 2606 575 2678; x_wconf 86' lang='lat' dir='ltr'><strong>Professor</strong></span> <span class='ocrx_word' id='word_1_133' title='bbox 600 2607 771 2701; x_wconf 89' lang='lat' dir='ltr'><strong>Jenensis,</strong></span> <span class='ocrx_word' id='word_1_134' title='bbox 805 2609 922 2699; x_wconf 89' lang='lat' dir='ltr'><strong>optime</strong></span> <span class='ocrx_word' id='word_1_135' title='bbox 949 2611 1019 2695; x_wconf 86' lang='lat' dir='ltr'><strong>jam</strong></span> <span class='ocrx_word' id='word_1_136' title='bbox 1051 2604 1092 2673; x_wconf 90' lang='lat' dir='ltr'><strong>dc</strong></span> <span class='ocrx_word' id='word_1_137' title='bbox 1119 2602 1347 2694; x_wconf 87' lang='lat' dir='ltr'><strong>epidemiarum</strong></span> 
     </span>
     <span class='ocr_line' id='line_1_19' title="bbox 181 2738 1347 2838; baseline -0.009 -23"><span class='ocrx_word' id='word_1_138' title='bbox 181 2745 286 2815; x_wconf 89' lang='lat' dir='ltr'><strong>studio</strong></span> <span class='ocrx_word' id='word_1_139' title='bbox 321 2748 474 2838; x_wconf 85' lang='lat' dir='ltr'><strong>meritus,</strong></span> <span class='ocrx_word' id='word_1_140' title='bbox 515 2745 779 2837; x_wconf 84' lang='lat' dir='ltr'><strong>chronologicum</strong></span> <span class='ocrx_word' id='word_1_141' title='bbox 818 2743 1176 2836; x_wconf 82' lang='lat' dir='ltr'><strong>epidemiographorum</strong></span> <span class='ocrx_word' id='word_1_142' title='bbox 1212 2738 1347 2809; x_wconf 91' lang='lat' dir='ltr'><strong>indicem</strong></span> 
     </span>
     <span class='ocr_line' id='line_1_20' title="bbox 181 2882 598 2973; baseline 0 -23"><span class='ocrx_word' id='word_1_143' title='bbox 181 2883 274 2973; x_wconf 93' lang='lat' dir='ltr'><strong>prelo</strong></span> <span class='ocrx_word' id='word_1_144' title='bbox 300 2888 448 2973; x_wconf 86' lang='lat' dir='ltr'><strong>paratum</strong></span> <span class='ocrx_word' id='word_1_145' title='bbox 471 2882 598 2952; x_wconf 89' lang='lat' dir='ltr'><strong>habeat.</strong></span> 
     </span>
    </p>

    <p class='ocr_par' dir='ltr' id='par_1_5' title="bbox 99 3015 1351 3928">
     <span class='ocr_line' id='line_1_21' title="bbox 287 3015 1348 3088; baseline -0.006 0"><span class='ocrx_word' id='word_1_146' title='bbox 287 3015 442 3088; x_wconf 75' lang='lat' dir='ltr'><strong>Ceterum</strong></span> <span class='ocrx_word' id='word_1_147' title='bbox 472 3017 553 3086; x_wconf 88' lang='lat' dir='ltr'><strong>haec</strong></span> <span class='ocrx_word' id='word_1_148' title='bbox 586 3016 777 3085; x_wconf 91' lang='lat' dir='ltr'><strong>bibliotheca</strong></span> <span class='ocrx_word' id='word_1_149' title='bbox 811 3016 1120 3086; x_wconf 88' lang='lat' dir='ltr'><strong>medico-historica</strong></span> <span class='ocrx_word' id='word_1_150' title='bbox 1149 3037 1214 3084; x_wconf 93' lang='lat' dir='ltr'><strong>non</strong></span> <span class='ocrx_word' id='word_1_151' title='bbox 1242 3015 1348 3084; x_wconf 92' lang='lat' dir='ltr'><strong>solnm</strong></span> 
     </span>
     <span class='ocr_line' id='line_1_22' title="bbox 184 3150 1348 3245; baseline -0.003 -22"><span class='ocrx_word' id='word_1_152' title='bbox 184 3153 373 3223; x_wconf 86' lang='lat' dir='ltr'><strong>medicinam</strong></span> <span class='ocrx_word' id='word_1_153' title='bbox 403 3152 541 3222; x_wconf 90' lang='lat' dir='ltr'><strong>hominis</strong></span> <span class='ocrx_word' id='word_1_154' title='bbox 572 3157 604 3220; x_wconf 93' lang='lat' dir='ltr'><strong>et</strong></span> <span class='ocrx_word' id='word_1_155' title='bbox 638 3153 821 3220; x_wconf 89' lang='lat' dir='ltr'><strong>animalium</strong></span> <span class='ocrx_word' id='word_1_156' title='bbox 859 3152 1121 3245; x_wconf 85' lang='lat' dir='ltr'><strong>domesticorum,</strong></span> <span class='ocrx_word' id='word_1_157' title='bbox 1162 3150 1221 3220; x_wconf 88' lang='lat' dir='ltr'><strong>sed</strong></span> <span class='ocrx_word' id='word_1_158' title='bbox 1253 3152 1348 3219; x_wconf 90' lang='lat' dir='ltr'><strong>simul</strong></span> 
     </span>
     <span class='ocr_line' id='line_1_23' title="bbox 185 3288 1349 3383; baseline -0.006 -22"><span class='ocrx_word' id='word_1_159' title='bbox 185 3312 311 3362; x_wconf 89' lang='lat' dir='ltr'><strong>omnem</strong></span> <span class='ocrx_word' id='word_1_160' title='bbox 337 3311 445 3359; x_wconf 88' lang='lat' dir='ltr'><strong>rernm</strong></span> <span class='ocrx_word' id='word_1_161' title='bbox 470 3289 662 3358; x_wconf 86' lang='lat' dir='ltr'><strong>naturalium</strong></span> <span class='ocrx_word' id='word_1_162' title='bbox 688 3292 903 3381; x_wconf 83' lang='lat' dir='ltr'><strong>cognitionem</strong></span> <span class='ocrx_word' id='word_1_163' title='bbox 933 3291 1162 3383; x_wconf 79' lang='lat' dir='ltr'><strong>complectitur,</strong></span> <span class='ocrx_word' id='word_1_164' title='bbox 1187 3291 1234 3357; x_wconf 92' lang='lat' dir='ltr'><strong>uti</strong></span> <span class='ocrx_word' id='word_1_165' title='bbox 1257 3288 1349 3379; x_wconf 86' lang='lat' dir='ltr'><strong>phy-</strong></span> 
     </span>
     <span class='ocr_line' id='line_1_24' title="bbox 99 3427 1350 3521; baseline -0.004 -23"><span class='ocrx_word' id='word_1_166' title='bbox 99 3439 102 3447; x_wconf 90' lang='lat'>&#39;</span> <span class='ocrx_word' id='word_1_167' title='bbox 185 3433 291 3521; x_wconf 82' lang='lat' dir='ltr'><strong>sinen,</strong></span> <span class='ocrx_word' id='word_1_168' title='bbox 324 3427 499 3518; x_wconf 84' lang='lat' dir='ltr'><strong>chemlam,</strong></span> <span class='ocrx_word' id='word_1_169' title='bbox 532 3429 793 3518; x_wconf 85' lang='lat' dir='ltr'><strong>mineralogiam,</strong></span> <span class='ocrx_word' id='word_1_170' title='bbox 825 3428 1011 3520; x_wconf 86' lang='lat' dir='ltr'><strong>botanioen,</strong></span> <span class='ocrx_word' id='word_1_171' title='bbox 1038 3427 1241 3521; x_wconf 81' lang='lat' dir='ltr'><strong>noologiam,</strong></span> <span class='ocrx_word' id='word_1_172' title='bbox 1268 3444 1350 3515; x_wconf 88' lang='lat' dir='ltr'><strong>quae</strong></span> 
     </span>
     <span class='ocr_line' id='line_1_25' title="bbox 186 3561 1350 3656; baseline -0.005 -20"><span class='ocrx_word' id='word_1_173' title='bbox 186 3568 330 3656; x_wconf 84' lang='lat' dir='ltr'><strong>quamvis</strong></span> <span class='ocrx_word' id='word_1_174' title='bbox 357 3567 389 3632; x_wconf 91' lang='lat' dir='ltr'><strong>in</strong></span> <span class='ocrx_word' id='word_1_175' title='bbox 416 3568 487 3632; x_wconf 90' lang='lat' dir='ltr'><strong>artc</strong></span> <span class='ocrx_word' id='word_1_176' title='bbox 511 3561 658 3632; x_wconf 86' lang='lat' dir='ltr'><strong>facienda</strong></span> <span class='ocrx_word' id='word_1_177' title='bbox 682 3564 880 3656; x_wconf 81' lang='lat' dir='ltr'><strong>singularem</strong></span> <span class='ocrx_word' id='word_1_178' title='bbox 902 3586 995 3634; x_wconf 89' lang='lat' dir='ltr'><strong>usum</strong></span> <span class='ocrx_word' id='word_1_179' title='bbox 1019 3564 1141 3632; x_wconf 91' lang='lat' dir='ltr'><strong>habere</strong></span> <span class='ocrx_word' id='word_1_180' title='bbox 1165 3584 1228 3632; x_wconf 93' lang='lat' dir='ltr'><strong>non</strong></span> <span class='ocrx_word' id='word_1_181' title='bbox 1253 3561 1350 3630; x_wconf 88' lang='lat' dir='ltr'><strong>vide-</strong></span> 
     </span>
     <span class='ocr_line' id='line_1_26' title="bbox 187 3699 1351 3794; baseline -0.003 -25"><span class='ocrx_word' id='word_1_182' title='bbox 187 3705 293 3793; x_wconf 86' lang='lat' dir='ltr'><strong>antur,</strong></span> <span class='ocrx_word' id='word_1_183' title='bbox 321 3701 485 3772; x_wconf 88' lang='lat' dir='ltr'><strong>amcdica</strong></span> <span class='ocrx_word' id='word_1_184' title='bbox 509 3709 616 3772; x_wconf 90' lang='lat' dir='ltr'><strong>tamen</strong></span> <span class='ocrx_word' id='word_1_185' title='bbox 642 3699 786 3769; x_wconf 85' lang='lat' dir='ltr'><strong>doctrina</strong></span> <span class='ocrx_word' id='word_1_186' title='bbox 810 3705 956 3794; x_wconf 86' lang='lat' dir='ltr'><strong>separari</strong></span> <span class='ocrx_word' id='word_1_187' title='bbox 987 3721 1090 3793; x_wconf 88' lang='lat' dir='ltr'><strong>neque</strong></span> <span class='ocrx_word' id='word_1_188' title='bbox 1121 3699 1254 3793; x_wconf 92' lang='lat' dir='ltr'><strong>debent,</strong></span> <span class='ocrx_word' id='word_1_189' title='bbox 1287 3717 1351 3766; x_wconf 92' lang='lat' dir='ltr'><strong>ne-</strong></span> 
     </span>
     <span class='ocr_line' id='line_1_27' title="bbox 188 3839 536 3928; baseline 0 -23"><span class='ocrx_word' id='word_1_190' title='bbox 188 3858 249 3927; x_wconf 83' lang='lat' dir='ltr'><strong>que</strong></span> <span class='ocrx_word' id='word_1_191' title='bbox 274 3839 371 3905; x_wconf 87' lang='lat' dir='ltr'><strong>etiarn</strong></span> <span class='ocrx_word' id='word_1_192' title='bbox 393 3842 536 3928; x_wconf 88' lang='lat' dir='ltr'><strong>possunt.</strong></span> 
     </span>
    </p>
   </div>
   <div class='ocr_carea' id='block_1_4' title="bbox 292 4004 1231 4103">
    <p class='ocr_par' dir='ltr' id='par_1_6' title="bbox 292 4004 1231 4103">
     <span class='ocr_line' id='line_1_28' title="bbox 292 4004 1231 4103; baseline -0.005 -24"><span class='ocrx_word' id='word_1_193' title='bbox 292 4004 481 4079; x_wconf 75' lang='lat' dir='ltr'><strong>Scribebam</strong></span> <span class='ocrx_word' id='word_1_194' title='bbox 506 4008 666 4103; x_wconf 87' lang='lat' dir='ltr'><strong>Dresdae,</strong></span> <span class='ocrx_word' id='word_1_195' title='bbox 694 4030 804 4078; x_wconf 87' lang='lat' dir='ltr'><strong>mense</strong></span> <span class='ocrx_word' id='word_1_196' title='bbox 837 4009 934 4078; x_wconf 87' lang='lat' dir='ltr'><strong>Junio</strong></span> <span class='ocrx_word' id='word_1_197' title='bbox 961 4005 1231 4081; x_wconf 78' lang='lat' dir='ltr'><strong>Mocccxnu.</strong></span> 
     </span>
    </p>
   </div>
   <div class='ocr_carea' id='block_1_5' title="bbox 1116 4270 1297 4359">
    <p class='ocr_par' dir='ltr' id='par_1_7' title="bbox 1116 4270 1297 4359">
     <span class='ocr_line' id='line_1_29' title="bbox 1116 4270 1297 4359; baseline -0.011 0"><span class='ocrx_word' id='word_1_198' title='bbox 1116 4276 1177 4359; x_wconf 74' lang='lat' dir='ltr'><strong>Ia.</strong></span> <span class='ocrx_word' id='word_1_199' title='bbox 1202 4270 1297 4359; x_wconf 78' lang='grc'><strong>011.</strong></span> 
     </span>
    </p>
   </div>
   <div class='ocr_carea' id='block_1_6' title="bbox 0 0 1458 4958">
    <p class='ocr_par' dir='ltr' id='par_1_8' title="bbox 0 0 1458 4958">
     <span class='ocr_line' id='line_1_30' title="bbox 0 0 1458 4958; baseline 0 0"><span class='ocrx_word' id='word_1_200' title='bbox 0 0 1458 4958; x_wconf 95' lang='lat' dir='ltr'><strong> </strong></span> 
     </span>
    </p>
   </div>
  </div>
 </body>
</html>
