2888 4958
208 287 251 352 42
655 282 795 343 Medicina
819 285 941 361 antiqua.

208 440 295 504 Anut
317 439 468 498 Faesius
497 437 660 497 oeconomia
687 437 867 516 Hippocratis
892 436 1032 516 alphabeti
1058 438 1129 496 serie
1158 439 1308 513 distincta,
1347 440 1374 499 in

250 545 308 604 qua
343 525 494 583 dictionum
525 524 601 600 apud
628 523 715 600 Hipp.
743 524 865 580 omnium
892 523 1053 601 praesertim
1087 524 1279 582 obscuriorum
1307 541 1374 581 usus

249 611 412 689 explicatur,
434 610 474 668 ita
495 613 526 667 ut
547 609 654 666 lexicon
677 608 905 684 Hippocraticum
927 608 1025 666 merito
1041 609 1094 667 dici
1116 611 1214 687 possit.
1239 609 1373 667 Francot

253 690 346 757 1588.
369 697 405 765 f.;
433 701 513 752 aucto
534 693 640 756 Gener.
663 687 755 751 1662.
776 693 796 752 f.
840 697 1116 764 (Praestantissimum
1130 716 1198 769 opus
1212 700 1374 768 philologici

250 784 277 831 et
294 776 388 829 medici
405 774 577 844 argumenta)

205 847 294 912 Andr.
317 848 531 925 Caesalpini
552 840 720 925 κάτοπτρον
741 845 799 903 sire
819 847 961 924 speculum
981 845 1048 904 artis
1069 847 1194 905 medicae
1214 849 1375 928 Hippocra-

248 936 342 993 ticum.
385 933 469 994 Rom.
496 927 588 992 1601.
611 925 658 992 12.
702 930 833 994 Francos.
860 927 951 990 1605.
977 927 1006 989 8.
1033 937 1059 988 et
1078 935 1190 1009 caepim.

204 1019 252 1083 Jo.
267 1019 409 1094 Helwig
432 1012 611 1095 α’λφαβῆτον
633 1011 767 1092 ἰατρικόν
789 1016 816 1077 h.
838 1035 862 1078 e.
878 1017 969 1075 brevis
990 1016 1077 1074 totius
1093 1018 1246 1075 medicinae
1261 1019 1373 1098 Hippo-

248 1104 367 1163 craticae
393 1104 420 1158 in
450 1120 554 1180 paucas
578 1099 695 1158 tabellas
716 1101 849 1159 reductae
874 1100 1033 1160 delineatio.
1077 1088 1204 1164 Ndrimb.
1231 1098 1325 1168 1631.
1350 1106 1369 1170 f.

204 1189 249 1248 Jo.
270 1190 357 1250 Cour.
383 1185 573 1245 Dieterich
602 1186 718 1243 latreum
743 1185 974 1264 Hippocraticum
997 1188 1079 1262 juxta
1101 1187 1217 1245 ductum
1241 1189 1370 1268 aphoris-

246 1292 317 1333 mor.
340 1272 544 1332 concinnatum.
589 1270 680 1331 Giess.
704 1266 795 1330 1655.
818 1268 859 1343 4.,
897 1271 971 1333 Uim.
997 1264 1086 1331 1661.
1111 1267 1143 1333 4.

202 1358 314 1418 Honor.
335 1358 484 1416 Bicaise
509 1357 637 1414 manuale
665 1356 836 1413 medicorum
858 1374 907 1414 seu
936 1355 1157 1434 promptuarium
1187 1357 1370 1436 aphorismor.

244 1443 352 1521 Hipp.,
380 1442 557 1519 praenotion.
587 1440 704 1499 Coacar.
736 1447 764 1498 et
798 1441 1020 1517 praedictionum
1049 1442 1203 1498 secundum
1226 1445 1369 1523 propriam

244 1528 406 1587 morborum
418 1527 540 1583 omnium
555 1524 791 1581 nomenclaturam
805 1523 979 1601 alphabetico
995 1527 1135 1599 digestum
1146 1527 1253 1588 ordine.
1275 1527 1370 1593 Lond.

245 1606 425 1680 1659.12.;
451 1610 558 1671 Gener.
575 1603 666 1669 1660.
690 1601 754 1679 12.;
777 1607 839 1670 Jen.
855 1604 947 1669 1712.
969 1606 1039 1682 123
1066 1610 1113 1668 ed.
1127 1610 1216 1669 Henr.
1238 1612 1369 1694 Gujot‚

244 1694 331 1753 Paris.
358 1688 448 1755 1739.
478 1689 528 1756 12.

201 1779 305 1842 Thorn.
332 1778 470 1835 Burnet
501 1777 691 1854 Hippocrates
722 1783 896 1848 contractus,
936 1779 964 1835 in
989 1797 1046 1853 quo
1075 1777 1113 1842 H.
1137 1798 1203 1857 opp.
1228 1781 1321 1839 omnia
1341 1783 1369 1841 in

243 1864 356 1923 brevem
380 1862 521 1939 epitomen
542 1862 658 1918 redacta
682 1861 827 1926 habentur.
853 1858 1132 1937 Ε11111).1685.8.;
1158 1865 1258 1928 Vienn.
1275 1861 1369 1927 1733.

241 1943 289 2018 4.;
311 1942 462 2021 Argentor.
486 1940 578 2008 1765.
600 1940 630 2010 8.
653 1978 697 1990 -
727 1945 856 2010 German.
879 1968 944 2008 aare.
970 1947 1105 2012 abdier.
1126 1949 1256 2024 Echer,
1284 1951 1367 2011 Wien

200 2118 267 2201 (Jo.
289 2117 365 2176 Rud.
387 2110 577 2191 Zwinger)
611 2113 763 2192 Speculum
795 2116 1027 2195 Hippocraticum
1054 2123 1137 2176 notas
1160 2123 1196 2176 ‘ct
1220 2121 1367 2196 praesagia

200 2226 204 2234 ·
241 2202 402 2274 morborum
426 2217 478 2255 nec
502 2217 559 2255 non
584 2199 661 2256 varia
688 2203 820 2259 medendi
844 2208 995 2279 praccepta
1021 2220 1055 2259 ex
1082 2202 1168 2280 Hipp.
1192 2205 1246 2261 Coi
1267 2225 1367 2264 monn-

242 2287 343 2346 mentis
358 2284 456 2340 ordine
477 2281 652 2359 alphabetico
669 2285 706 2344 ob
727 2287 823 2344 oculos
837 2305 955 2365 ponens.
975 2286 1060 2348 Basil.
1078 2281 1171 2350 1747.
1193 2284 1223 2347 8.
1253 2294 1367 2361 (Bonum

242 2382 310 2436 opus
328 2362 616 2432 medico-practicum.)

199 2439 283 2517 Casp.
313 2436 439 2514 Wolph
461 2437 605 2511 catalogus
629 2445 754 2497 veterum
785 2445 815 2497 et
840 2439 993 2498 recentium
1017 2438 1183 2517 scriptorum
1204 2441 1232 2500 in
1254 2442 1368 2522 Hippo-

241 2524 323 2582 cratis
346 2541 441 2600 opera.
483 2522 608 2598 Sangalli
630 2517 721 2582 1584.
747 2519 776 2584 8.

197 2608 268 2667 Paul
299 2609 438 2684 Sigmund
470 2607 534 2665 Car.
566 2607 660 2665 Preu
686 2607 751 2671 diss.
776 2608 870 2682 inaug.
903 2607 940 2665 de
963 2606 1160 2686 interpretibus
1181 2607 1368 2686 Hippocratis

198 2736 201 2741 -
240 2695 355 2770 graecis.
399 2691 499 2755 Altort‘.
526 2686 617 2754 1795.
640 2686 682 2752 8..

196 2778 271 2842 Dan.
294 2779 378 2838 Wilh.
400 2777 538 2838 Triller
570 2778 607 2835 de
639 2795 714 2834 nova
738 2775 919 2853 ffippocratis
942 2776 1066 2835 editione
1097 2778 1264 2838 adornanda
1289 2800 1365 2857 com·

237 2865 391 2936 mentati03
423 2862 579 2940 speciminis
599 2862 663 2919 loco
683 2860 810 2936 adjectus
830 2867 874 2920 est
892 2861 1000 2920 libellus
1028 2861 1142 2940 (supp.)
1167 2865 1204 2923 de
1224 2870 1365 2943 anatome,

197 3007 201 3014 ,
238 2946 436 3008 commentario
459 2946 675 3004 medico-critico
700 2953 838 3022 perpetuo
859 2947 1022 3010 illustratus.
1070 2948 1167 3023 Lugd.
1180 2950 1244 3013 Bat.
1272 2944 1363 3010 1728.

239 3028 272 3093 4.
288 3065 331 3077 --
354 3030 442 3088 Redit
460 3033 491 3086 in
513 3029 563 3091 Tr.
590 3049 701 3104 opuscc.
728 3030 792 3088 Vol.
818 3031 854 3093 11.
878 3025 971 3094 1766.
994 3052 1022 3110 p.
1043 3027 1222 3094 238-285.

195 3149 238 3161 -
258 3145 301 3156 -
327 3113 445 3190 epistola
463 3112 500 3168 ad
525 3112 551 3174 J.
577 3112 682 3170 Freind
699 3131 784 3191 super
804 3115 824 3172 l.
848 3121 877 3173 et
900 3116 948 3178 lll.
974 3116 1154 3192 Hippocratis
1176 3117 1295 3193 epidem.
1310 3139 1364 3176 nn·

236 3217 289 3276 per
310 3200 346 3255 ab
368 3198 429 3275 ipso
453 3197 544 3257 editis.
587 3196 620 3254 ln
641 3215 698 3274 qua
718 3199 798 3256 simul
822 3201 914 3276 agitur
936 3201 973 3259 de
997 3200 1283 3275 variisHippocratis
1303 3205 1366 3264 edi.-

238 3282 371 3354 tionibus,
394 3281 494 3353 Msns.
520 3282 556 3340 de
581 3282 641 3356 ejus
662 3282 725 3342 stilo
750 3291 780 3342 et
801 3284 920 3342 dialecto
942 3290 996 3347 etc.
1031 3281 1109 3359 Lips,
1135 3278 1275 3346 17188.
1302 3287 1363 3345 Ru-

238 3361 466 3427 dolstadt1720.
483 3362 512 3428 8.
525 3400 567 3409 -
582 3367 668 3425 Redit
678 3371 708 3424 in
719 3369 769 3431 Tr.
786 3387 895 3444 opuscc.
910 3367 976 3427 vol.
991 3367 1025 3430 11.
1039 3363 1129 3428 1766.
1141 3390 1170 3446 p.
1184 3364 1361 3436 178-237.

238 3449 360 3514 (Multum
378 3445 450 3501 valet
468 3447 502 3500 ad
520 3447 628 3502 criticen
646 3448 741 3518 Hipp.;
759 3449 864 3519 scripsit
883 3456 975 3503 contra
984 3449 1051 3503 hanc
1059 3450 1195 3521 epistolam
1203 3450 1246 3507 Jo.
1257 3452 1361 3522 King,

238 3517 391 3585 cantabrig.
411 3515 499 3580 1722.)

194 3589 229 3652 1².
254 3592 376 3650 Osann
400 3589 592 3649 observatione
616 3609 663 3648 sur
686 3609 743 3650 une
771 3589 901 3649 nouvelle
931 3591 1091 3651 traduction
1116 3593 1252 3668 franceise
1277 3592 1363 3652 suivie

237 3678 277 3734 du
296 3683 373 3735 texte
395 3695 461 3751 grec
486 3676 527 3734 du
551 3675 634 3734 traite‘
656 3675 859 3752 d’Hippocrate
879 3695 927 3734 sur
945 3676 987 3735 les
1001 3695 1082 3752 caux,
1106 3677 1167 3735 l'air
1184 3685 1212 3737 et
1228 3678 1268 3736 les
1281 3678 1362 3743 lieux.

236 3760 315 3818 Paris
340 3755 432 3822 1818.
453 3755 482 3817 8.
519 3795 561 3805 -
594 3759 684 3817 Antea
714 3763 745 3818 in
768 3759 857 3818 Milliu
888 3761 981 3824 annal.
1011 3761 1114 3837 encycl.
1139 3757 1229 3822 1808.
1272 3761 1363 3826 naut.

238 3839 396 3905 (Editiouem
415 3840 517 3909 croilly
534 3842 677 3908 recenset.)

192 3908 261 3969 Ern.
288 3910 409 3973 Godolr.
430 3912 632 3990 Baldinger
657 3912 761 3972 selecta
778 3912 926 3970 doctorum
947 3911 1070 3970 virorum
1090 3914 1234 3990 opuscula,
1255 3914 1284 3973 in
1299 3917 1363 3992 qui-

234 3997 288 4057 bus
309 3997 497 4074 Hippocrates
519 3999 680 4075 explicatur,
704 3999 796 4055 denuo
819 3997 904 4056 edita.
928 3994 1217 4075 (ἱο111111ς.1782.8.
1240 4005 1363 4075 (Scripta

237 4077 307 4131 x11=
343 4077 498 4141 Hoffmann,
516 4080 618 4132 Gssser
636 4086 663 4131 et
680 4078 793 4131 Schonin
812 4077 829 4129 b
847 4077 880 4133 de
897 4079 985 4132 morbo
1002 4079 1087 4147 nigro,
1122 4080 1214 4132 Wedel
1233 4081 1266 4133 de
1281 4083 1361 4135 morh.

237 4165 337 4212 crasso,
356 4144 484 4199 Goeliclre
502 4148 535 4200 de
552 4149 633 4204 morb.
652 4155 729 4214 11111,
748 4095 825 4201 stobi
842 4147 875 4199 de
891 4148 957 4205 febr.
976 4148 1105 4212 lethifera,
1123 4149 1216 4202 Wedel
1228 4149 1260 4202 de
1272 4152 1361 4204 morbo

256 4217 375 4281 hoenic.,
394 4215 479 4269 Vater
496 4217 529 4270 de
546 4217 621 4269 lienis
639 4217 767 4287 prolaps,
787 4216 905 4286 Sigwart
921 4218 1017 4286 fragm.
1036 4218 1184 4284 dynamices
1201 4219 1283 4288 Hipp.
1303 4221 1361 4271 Ga-

236 4234 297 4406 }n,
315 4284 408 4420 Jplcopi
425 4285 519 4354 philos.
536 4286 627 4356 Hipp.,
645 4287 771 4339 Albrecht
787 4285 814 4353 iu
831 4288 881 4344 loc.
900 4286 968 4357 epid.
986 4288 1034 4354 VI,
1053 4287 1138 4356 Seger
1156 4288 1189 4340 de
1200 4283 1280 4358 Hipp.
1294 4288 1361 4342 libro

255 4373 333 4408 ecor
352 4373 374 4408 e.

192 4423 238 4488 Jo.
263 4427 349 4506 Bapt.
369 4425 491 4485 d’Ansse
514 4426 552 4486 de
572 4426 758 4489 Villoison
779 4428 898 4508 epistola
919 4430 956 4489 de
977 4428 1144 4506 quibusdam
1168 4428 1360 4507 Hippocratis,
