2888 4958
1018 210 1023 242 l

192 303 255 370 164
643 299 782 360 Medicina
813 300 916 361 clinica.

238 460 342 535 bingen
365 450 456 517 1827.
478 450 508 514 8.
525 465 671 532 (Historica
691 467 866 521 consideratio
884 467 918 520 ab
937 468 1051 538 antiquio
1073 453 1156 539 usque
1173 467 1208 523 ad
1225 464 1369 523 novissima

238 548 371 610 tempora3
390 539 439 593 cfr.
458 536 568 605 Aligem.
588 536 683 588 Medic.
706 539 774 591 Anu.
792 535 866 592 1827.
885 553 911 606 p.
929 537 1018 605 1468.)

197 615 231 675 C.
252 613 361 672 Friedr.
383 608 567 687 Nopitsch
585 609 711 666 Versuch
731 612 806 667 einer
821 610 1011 686 Chrouologie
1028 611 1088 668 und
1101 608 1258 669 Litteratur
1282 609 1369 668 nebst

239 699 329 756 einem
359 697 472 771 System
501 696 552 752 der
583 694 857 770 Bluteutziehungen
888 696 915 751 in
938 696 1107 754 besonderer
1135 694 1302 770 Beziehung
1319 695 1373 751 aus

240 784 291 840 das
312 780 537 858 physiologische
557 780 616 836 und
637 779 848 855 pathologische
873 779 1045 839 Verhiiltniss
1067 781 1117 837 des
1138 780 1238 838 Blutes
1259 797 1292 837 so
1314 780 1368 837 wie

239 868 341 924 dessen
362 864 633 939 Berircksichtiguug
654 864 682 919 iu
705 863 902 939 gericbtlichen
927 864 1033 927 Fiillen.
1081 863 1142 923 Aua
1161 865 1217 924 deu
1242 865 1367 940 vorzirg-

239 951 356 1009 lichsten
382 949 503 1007 Werken
526 948 683 1026 geschiipst.
725 946 879 1024 Niuruberg
900 944 991 1008 1833.
1017 946 1046 1010 8.

198 1035 286 1097 Andr,
312 1035 419 1092 Ottom.
453 1033 627 1090 Goelicke
656 1032 693 1090 de
720 1034 915 1091 revelleutibus
938 1053 977 1091 ac
1010 1033 1199 1093 derivantibus
1231 1039 1367 1109 veterum,

241 1138 394 1194 eorumque
418 1117 546 1175 rationali
567 1117 757 1195 explicatione.
800 1118 864 1176 Hal.
887 1112 981 1178 1709.
1002 1115 1032 1183 4.

198 1205 243 1268 Jo.
265 1203 389 1279 Lange
410 1204 447 1260 de
470 1202 632 1279 syrmaismo
654 1207 683 1259 et
710 1201 819 1261 ratione
848 1205 989 1280 purgandi
1013 1222 1064 1282 per
1092 1202 1228 1260 vomitum
1249 1221 1285 1260 ex
1310 1197 1368 1259 Ae-

240 1289 401 1367 gyptiorum
424 1288 583 1344 inventione
605 1292 634 1344 et
658 1287 785 1349 formula.
815 1287 903 1346 Paris.
919 1283 1010 1352 1572.
1021 1285 1049 1348 8.
1073 1292 1234 1361 (Methodus
1253 1291 1369 1344 emetica

237 1371 291 1439 jam
308 1370 342 1422 ab
359 1368 495 1420 Herodoto
510 1369 729 1434 commemorata.)

198 1443 335 1504 Raccolta
355 1443 383 1498 di
408 1443 536 1499 scritture
557 1440 683 1497 medicbe
710 1441 904 1517 appartenenti
932 1441 987 1498 alla
1015 1439 1204 1498 controversia
1220 1439 1266 1498 de'
1291 1439 1368 1496 vesi-

241 1527 345 1598 catori3
371 1527 538 1602 s’aggiugne
559 1545 596 1581 un
618 1524 719 1600 saggio
747 1525 776 1581 di
809 1525 895 1582 storia
920 1526 1031 1584 intorno
1054 1525 1081 1582 al
1109 1525 1259 1584 medesimo
1280 1542 1369 1600 argo-

240 1619 348 1686 mento,
376 1612 404 1669 in
426 1612 469 1668 cui
494 1628 511 1666 a
533 1610 621 1666 sondo
642 1611 665 1664 si
687 1610 848 1666 esamiuano
870 1610 1006 1687 l’origine,
1026 1609 1044 1668 il
1069 1628 1220 1688 progresso
1248 1609 1286 1667 ed
1315 1627 1370 1666 usu

241 1698 308 1754 d'un
330 1695 386 1752 tale
410 1695 541 1752 remedio.
584 1693 689 1754 Venez.
713 1687 804 1754 1749.
826 1693 856 1756 4.

197 1781 298 1839 Jodoc.
317 1779 410 1837 Crull
426 1781 461 1837 de
483 1779 685 1836 medicamento
707 1786 831 1836 veterum
853 1779 1010 1838 universali.
1038 1776 1132 1855 Lugd.
1149 1778 1214 1840 Bar.
1231 1771 1325 1837 1679.
1336 1771 1368 1835 4.

198 1863 272 1925 Dan.
295 1865 380 1923 Wilh.
400 1863 544 1922 Triller
564 1863 747 1921 cliuotechniu
768 1863 875 1921 medica
898 1864 1072 1939 antiquaria,
1104 1863 1163 1922 sive
1188 1862 1226 1921 de
1249 1861 1369 1921 diversis

241 1953 419 2025 aegrotorum
442 1949 520 2006 lectis
541 1949 693 2005 secundum
714 1947 775 2024 ipsa
796 1949 873 2005 varin
896 1950 1056 2007 morborum
1073 1967 1177 2024 genera
1195 1947 1369 2006 convenien-

240 2043 284 2093 ter
294 2035 464 2092 instruendis
477 2033 690 2091 commentarius
701 2033 944 2091 medico-criticus.
968 2029 1136 2091 Francofiet
1146 2031 1223 2111 Lips.
1237 2026 1368 2097 17744.

241 2115 331 2186 (Opus
348 2115 475 2168 eruditum
492 2121 520 2166 et
537 2113 680 2184 copiosum,
697 2114 744 2166 sed
761 2113 908 2182 alienigena
925 2115 1070 2168 eruditione
1087 2115 1229 2180 onustum.)

361 2310 416 2382 e.
475 2285 747 2405 spectes
790 2287 1197 2386 mortemon.
1270 2287 1273 2290 ’

533 2487 620 2554 aa.
676 2471 1023 2596 Generatim.

195 2644 261 2707 Chr.
288 2644 409 2707 Godotr.
436 2644 576 2704 Gruuer
597 2647 759 2706 morborum
782 2649 970 2724 antiquitates.
1027 2647 1176 2707 Vrntislnv.
1211 2640 1305 2707 1774.
1334 2640 1366 2704 8.

238 2725 335 2794 (Morbi
359 2725 491 2778 veteribus
509 2726 551 2779 vel
576 2727 678 2780 omniuo
703 2746 754 2780 uon
775 2730 816 2782 vel
841 2731 889 2782 sub
908 2729 966 2782 eliis
984 2727 1128 2785 nominibus
1147 2727 1263 2796 coguiti3
1281 2725 1366 2780 morbi

238 2815 255 2849 a
272 2795 383 2850 veterib.
402 2797 558 2860 accuratius,
577 2814 654 2865 quem
673 2814 689 2848 a
710 2797 875 2851 recentiorib.
894 2798 1018 2867 descripti
1036 2802 1103 2867 etc.)

193 2901 236 2913 -
258 2901 299 2912 -
321 2868 469 2944 uosologin
495 2868 626 2926 historica
648 2889 682 2926 ex
707 2873 891 2928 monumentis
911 2873 994 2929 medii
1017 2871 1077 2927 aevi
1104 2869 1175 2928 lecta
1188 2869 1369 2927 animadver-

234 2952 361 3012 sionibus
386 2953 523 3010 historicis
544 2972 578 3010 nc
598 2955 710 3012 medicis
733 2955 876 3012 illustrata.
898 2954 961 3014 Jen.
986 2949 1078 3014 1795.
1103 2950 1132 3014 8.
1166 2959 1223 3026 (Ex
1244 2957 1368 3012 361011-

235 3034 354 3102 ptoribus
370 3033 445 3086 medii
465 3033 533 3096 aevi,
552 3049 659 3101 quorum
678 3035 773 3101 primus
793 3037 937 3104 Gregorius
955 3034 1126 3100 Turonensis,
1145 3037 1292 3104 excerpta.)
1322 3056 1325 3063 ¹

193 3101 261 3160 Em.
283 3103 395 3163 Ludov.
418 3105 501 3167 Wilb.
528 3103 641 3163 Nebel
663 3107 780 3184 epistola
802 3109 838 3166 de
856 3109 960 3167 morbis
981 3116 1106 3168 veterum
1132 3108 1257 3166 obscuris
1277 3107 1368 3166 sectio

235 3186 257 3248 Ῑ.
278 3187 369 3245 Gless·
392 3183 481 3246 1794·
497 3184 526 3247 8·
549 3201 680 3264 (Morbum
692 3204 826 3257 femineum
840 3205 997 3274 Scytharum
1011 3207 1080 3276 apud
1098 3204 1197 3260 Herod.
1216 3210 1244 3259 ct
1260 3204 1368 3274 Hippo-

235 3274 331 3320 cratem
351 3286 409 3322 csse
424 3268 600 3337 impotentiam
619 3274 743 3336 coeundi;
763 3275 876 3326 morbum
895 3275 1053 3343 Campanum
1070 3291 1113 3344 sp.
1131 3275 1226 3330 Horat.
1244 3290 1321 3326 serm.
1343 3273 1366 3328 l.

236 3338 262 3389 5.
280 3355 306 3392 v.
323 3336 358 3390 62
374 3355 531 3390 verrucosus
548 3340 686 3408 designare
708 3343 901 3396 excrescendas
924 3344 950 3397 in
973 3345 1059 3397 tronto
1082 3351 1155 3396 ortas
1177 3343 1211 3396 ab
1232 3341 1367 3410 ingluvies

236 3407 350 3458 morbum
366 3424 414 3476 per
430 3407 582 3476 sapientiam
601 3411 665 3463 mori
683 3428 724 3480 ap.
745 3411 811 3467 Plio.
830 3412 890 3468 Vll.
909 3413 949 3467 50.
969 3430 1027 3465 esse
1045 3411 1229 3482 phrenitidem3
1247 3412 1369 3466 morbum

237 3475 283 3543 qui
300 3476 447 3544 insputatur
464 3493 507 3546 op.
523 3477 609 3531 Pluut.
629 3480 726 3548 captiv.
750 3479 799 3534 lli.
822 3481 848 3536 4.
867 3499 893 3536 v.
919 3482 962 3536 15.
989 3480 1148 3551 epilepsiam.
1184 3479 1232 3533 Nil
1254 3478 1368 3550 amplius

237 3543 348 3615 prodiit3
366 3563 392 3601 v.
410 3562 492 3616 supra
510 3562 573 3617 pag.
590 3546 634 3616 37,
652 3549 695 3617 52,
714 3547 758 3617 ⁵3,
775 3548 833 3616 bl.)
874 3556 877 3563 '

367 3811 369 3815 4
476 3702 567 3786 uu.
630 3703 823 3787 moros
858 3703 1080 3808 scoquo:

544 3879 572 3921 a.
597 3853 759 3927 Morbi
780 3871 1010 3927 ausorum.

192 3981 268 4044 Lod.
291 3985 430 4049 Kobelt
457 3991 612 4067 disquisitio
640 3993 771 4052 historica
795 3996 832 4052 de
860 3996 952 4052 cordis
983 4001 1012 4053 et
1037 3993 1266 4072 praecordiorum
1292 3992 1367 4051 vitiis

235 4074 372 4147 organicis
405 4095 471 4133 cura
502 4076 678 4137 Valsalviana
713 4085 742 4137 et
769 4078 933 4137 Albertiaua
958 4079 1141 4157 personandis
1172 4077 1240 4140 diss.
1270 4077 1368 4154 inaug.

205 4163 206 4166 ’
232 4156 412 4234 Heidelberg.
439 4154 531 4219 1833.
559 4157 591 4223 4.

194 4252 240 4319 Jo.
268 4259 304 4317 G.
331 4261 350 4317 d
357 4280 373 4318 c
393 4261 508 4318 Bloch
530 4263 566 4321 de
587 4264 691 4323 meritis
712 4285 774 4324 cum
799 4272 923 4324 veterum
948 4270 1007 4323 tum
1024 4263 1212 4323 recentiorum
1239 4261 1370 4320 medico-

236 4361 296 4400 rum
321 4345 360 4402 od
394 4348 553 4424 systematis
584 4350 711 4406 arteriosi
742 4349 933 4428 pathologiam
966 4349 1168 4408 stabiliendam.
1224 4345 1369 4424 Grouiug.

237 4420 329 4490 1827.
354 4423 383 4490 4.
421 4435 557 4503 (Praemia
579 4443 740 4490 ornatuma
768 4437 913 4493 Facultata
934 4439 1039 4494 medica
1067 4435 1281 4505 Grouingensi.)
