<?xml version="1.0" encoding="UTF-8"?>
<!DOCTYPE html PUBLIC "-//W3C//DTD XHTML 1.0 Transitional//EN"
    "http://www.w3.org/TR/xhtml1/DTD/xhtml1-transitional.dtd">
<html xmlns="http://www.w3.org/1999/xhtml" xml:lang="en" lang="en">
 <head>
  <title>
</title>
<meta http-equiv="Content-Type" content="text/html;charset=utf-8" />
  <meta name='ocr-system' content='tesseract 3.04.00' />
  <meta name='ocr-capabilities' content='ocr_page ocr_carea ocr_par ocr_line ocrx_word'/>
</head>
<body>
  <div class='ocr_page' id='page_1' title='image "./bibliothecamedi00rosegoog_0055.png"; bbox 0 0 2888 4958; ppageno 0'>
   <div class='ocr_carea' id='block_1_1' title="bbox 131 269 855 347">
    <p class='ocr_par' dir='ltr' id='par_1_1' title="bbox 131 269 855 347">
     <span class='ocr_line' id='line_1_1' title="bbox 131 269 855 347; baseline -0.008 -13"><span class='ocrx_word' id='word_1_1' title='bbox 131 269 174 334; x_wconf 88' lang='grc'><strong>40</strong></span> <span class='ocrx_word' id='word_1_2' title='bbox 570 269 709 330; x_wconf 78' lang='lat' dir='ltr'><strong>Medicina</strong></span> <span class='ocrx_word' id='word_1_3' title='bbox 730 270 855 347; x_wconf 89' lang='lat' dir='ltr'><strong>antiqua.</strong></span> 
     </span>
    </p>
   </div>
   <div class='ocr_carea' id='block_1_2' title="bbox 476 451 954 509">
    <p class='ocr_par' dir='ltr' id='par_1_2' title="bbox 476 451 954 509">
     <span class='ocr_line' id='line_1_2' title="bbox 476 451 954 509; baseline 0.004 -3"><span class='ocrx_word' id='word_1_4' title='bbox 476 451 540 509; x_wconf 89' lang='lat' dir='ltr'><strong>NN.</strong></span> <span class='ocrx_word' id='word_1_5' title='bbox 588 455 743 508; x_wconf 77' lang='lat' dir='ltr'><strong>Ocellare</strong></span> <span class='ocrx_word' id='word_1_6' title='bbox 770 455 954 508; x_wconf 77' lang='lat' dir='ltr'><strong>baconus.</strong></span> 
     </span>
    </p>
   </div>
   <div class='ocr_carea' id='block_1_3' title="bbox 14 528 1304 637">
    <p class='ocr_par' dir='ltr' id='par_1_3' title="bbox 14 528 1304 637">
     <span class='ocr_line' id='line_1_3' title="bbox 14 528 1304 637; baseline -0.002 -17"><span class='ocrx_word' id='word_1_7' title='bbox 14 528 16 534; x_wconf 68' lang='grc'><strong>’</strong></span> <span class='ocrx_word' id='word_1_8' title='bbox 135 559 210 637; x_wconf 79' lang='lat' dir='ltr'><strong>nug.</strong></span> <span class='ocrx_word' id='word_1_9' title='bbox 231 557 310 622; x_wconf 78' lang='lat' dir='ltr'><strong>una.</strong></span> <span class='ocrx_word' id='word_1_10' title='bbox 332 558 407 617; x_wconf 77' lang='lat' dir='ltr'><strong>nott.</strong></span> <span class='ocrx_word' id='word_1_11' title='bbox 428 558 602 637; x_wconf 81' lang='lat' dir='ltr'><strong>nuaotpn</strong></span> <span class='ocrx_word' id='word_1_12' title='bbox 630 560 695 622; x_wconf 67' lang='lat' dir='ltr'><strong>ntes.</strong></span> <span class='ocrx_word' id='word_1_13' title='bbox 722 560 759 618; x_wconf 73' lang='lat' dir='ltr'><strong>ae</strong></span> <span class='ocrx_word' id='word_1_14' title='bbox 779 560 948 635; x_wconf 67' lang='lat' dir='ltr'><strong>antiquitate</strong></span> <span class='ocrx_word' id='word_1_15' title='bbox 972 565 1002 617; x_wconf 82' lang='lat' dir='ltr'><strong>et</strong></span> <span class='ocrx_word' id='word_1_16' title='bbox 1026 563 1140 617; x_wconf 79' lang='lat' dir='ltr'><strong>auctore</strong></span> <span class='ocrx_word' id='word_1_17' title='bbox 1158 559 1242 618; x_wconf 80' lang='lat' dir='ltr'><strong>naon</strong></span> <span class='ocrx_word' id='word_1_18' title='bbox 1266 562 1304 618; x_wconf 74' lang='lat' dir='ltr'><strong>‹te</strong></span> 
     </span>
    </p>
   </div>
   <div class='ocr_carea' id='block_1_4' title="bbox 178 637 1303 796">
    <p class='ocr_par' dir='ltr' id='par_1_4' title="bbox 178 637 1303 796">
     <span class='ocr_line' id='line_1_4' title="bbox 178 637 1303 723; baseline -0.002 -20"><span class='ocrx_word' id='word_1_19' title='bbox 178 663 269 703; x_wconf 87' lang='lat' dir='ltr'><strong>rernm</strong></span> <span class='ocrx_word' id='word_1_20' title='bbox 283 649 399 717; x_wconf 87' lang='lat' dir='ltr'><strong>natura,</strong></span> <span class='ocrx_word' id='word_1_21' title='bbox 428 643 526 702; x_wconf 88' lang='lat' dir='ltr'><strong>Ocello</strong></span> <span class='ocrx_word' id='word_1_22' title='bbox 547 641 663 701; x_wconf 92' lang='lat' dir='ltr'><strong>Lucano</strong></span> <span class='ocrx_word' id='word_1_23' title='bbox 686 644 826 723; x_wconf 82' lang='lat' dir='ltr'><strong>adscripti.</strong></span> <span class='ocrx_word' id='word_1_24' title='bbox 869 643 962 706; x_wconf 81' lang='lat' dir='ltr'><strong>Viteb.</strong></span> <span class='ocrx_word' id='word_1_25' title='bbox 984 637 1076 703; x_wconf 89' lang='grc'><strong>1794.</strong></span> <span class='ocrx_word' id='word_1_26' title='bbox 1097 638 1128 702; x_wconf 89' lang='grc'><strong>4.</strong></span> <span class='ocrx_word' id='word_1_27' title='bbox 1174 649 1303 716; x_wconf 80' lang='lat' dir='ltr'><strong>(Auctor,</strong></span> 
     </span>
     <span class='ocr_line' id='line_1_5' title="bbox 179 722 1303 796; baseline -0.001 -17"><span class='ocrx_word' id='word_1_28' title='bbox 179 724 308 796; x_wconf 69' lang='lat' dir='ltr'><strong>gymnaui</strong></span> <span class='ocrx_word' id='word_1_29' title='bbox 319 722 487 780; x_wconf 83' lang='lat' dir='ltr'><strong>Zittaviensis</strong></span> <span class='ocrx_word' id='word_1_30' title='bbox 504 730 601 790; x_wconf 87' lang='lat' dir='ltr'><strong>rector,</strong></span> <span class='ocrx_word' id='word_1_31' title='bbox 619 722 704 778; x_wconf 84' lang='lat' dir='ltr'><strong>Orelli</strong></span> <span class='ocrx_word' id='word_1_32' title='bbox 722 725 858 779; x_wconf 77' lang='lat' dir='ltr'><strong>editionem</strong></span> <span class='ocrx_word' id='word_1_33' title='bbox 877 741 966 794; x_wconf 83' lang='lat' dir='ltr'><strong>graec.</strong></span> <span class='ocrx_word' id='word_1_34' title='bbox 989 741 1078 780; x_wconf 80' lang='lat' dir='ltr'><strong>curav.</strong></span> <span class='ocrx_word' id='word_1_35' title='bbox 1095 723 1303 795; x_wconf 68' lang='grc'><strong>1111118018.)</strong></span> 
     </span>
    </p>
   </div>
   <div class='ocr_carea' id='block_1_5' title="bbox 486 875 953 1067">
    <p class='ocr_par' dir='ltr' id='par_1_5' title="bbox 486 875 953 1067">
     <span class='ocr_line' id='line_1_6' title="bbox 623 875 816 945; baseline 0.021 -15"><span class='ocrx_word' id='word_1_36' title='bbox 623 875 652 945; x_wconf 77' lang='grc' dir='ltr'><strong>β.</strong></span> <span class='ocrx_word' id='word_1_37' title='bbox 687 883 816 934; x_wconf 67' lang='lat' dir='ltr'><strong>Medici.</strong></span> 
     </span>
     <span class='ocr_line' id='line_1_7' title="bbox 486 996 953 1067; baseline 0.011 -20"><span class='ocrx_word' id='word_1_38' title='bbox 486 996 543 1050; x_wconf 72' lang='grc' dir='ltr'><strong>ΔΑ.</strong></span> <span class='ocrx_word' id='word_1_39' title='bbox 597 996 953 1067; x_wconf 77' lang='lat' dir='ltr'><strong>Hippocrates.</strong></span> 
     </span>
    </p>
   </div>
   <div class='ocr_carea' id='block_1_6' title="bbox 137 1116 1307 1215">
    <p class='ocr_par' dir='ltr' id='par_1_6' title="bbox 137 1116 1307 1215">
     <span class='ocr_line' id='line_1_8' title="bbox 137 1116 1307 1215; baseline -0.003 -34"><span class='ocrx_word' id='word_1_40' title='bbox 137 1122 233 1181; x_wconf 84' lang='lat' dir='ltr'><strong>Herm</strong></span> <span class='ocrx_word' id='word_1_41' title='bbox 253 1118 467 1178; x_wconf 81' lang='lat' dir='ltr'><strong>Boerhaave</strong></span> <span class='ocrx_word' id='word_1_42' title='bbox 493 1119 530 1176; x_wconf 89' lang='lat' dir='ltr'><strong>de</strong></span> <span class='ocrx_word' id='word_1_43' title='bbox 559 1119 781 1180; x_wconf 87' lang='lat' dir='ltr'><strong>commendando</strong></span> <span class='ocrx_word' id='word_1_44' title='bbox 810 1119 905 1178; x_wconf 90' lang='lat' dir='ltr'><strong>studio</strong></span> <span class='ocrx_word' id='word_1_45' title='bbox 938 1118 1151 1198; x_wconf 90' lang='lat' dir='ltr'><strong>Hippocratico.</strong></span> <span class='ocrx_word' id='word_1_46' title='bbox 1206 1116 1307 1215; x_wconf 78' lang='lat' dir='ltr'><strong>Lngd.¹</strong></span> 
     </span>
    </p>
   </div>
   <div class='ocr_carea' id='block_1_7' title="bbox 178 1197 652 1276">
    <p class='ocr_par' dir='ltr' id='par_1_7' title="bbox 178 1197 652 1276">
     <span class='ocr_line' id='line_1_9' title="bbox 178 1197 652 1276; baseline -0.002 -12"><span class='ocrx_word' id='word_1_47' title='bbox 178 1205 243 1264; x_wconf 90' lang='lat' dir='ltr'><strong>Bat.</strong></span> <span class='ocrx_word' id='word_1_48' title='bbox 266 1197 357 1262; x_wconf 88' lang='grc'><strong>1701.</strong></span> <span class='ocrx_word' id='word_1_49' title='bbox 383 1197 424 1276; x_wconf 88' lang='grc'><strong>4.,</strong></span> <span class='ocrx_word' id='word_1_50' title='bbox 446 1203 484 1260; x_wconf 88' lang='lat' dir='ltr'><strong>ib.</strong></span> <span class='ocrx_word' id='word_1_51' title='bbox 509 1198 601 1268; x_wconf 75' lang='lat'><strong>1721.</strong></span> <span class='ocrx_word' id='word_1_52' title='bbox 623 1200 652 1264; x_wconf 84' lang='lat'><strong>4.</strong></span> 
     </span>
    </p>
   </div>
   <div class='ocr_carea' id='block_1_8' title="bbox 138 1287 1304 1536">
    <p class='ocr_par' dir='ltr' id='par_1_8' title="bbox 138 1287 1304 1536">
     <span class='ocr_line' id='line_1_10' title="bbox 138 1287 1304 1367; baseline 0 -19"><span class='ocrx_word' id='word_1_53' title='bbox 138 1290 207 1348; x_wconf 89' lang='lat' dir='ltr'><strong>Ern.</strong></span> <span class='ocrx_word' id='word_1_54' title='bbox 230 1287 351 1347; x_wconf 88' lang='lat' dir='ltr'><strong>Godofr.</strong></span> <span class='ocrx_word' id='word_1_55' title='bbox 371 1287 579 1364; x_wconf 89' lang='lat' dir='ltr'><strong>Baldinger</strong></span> <span class='ocrx_word' id='word_1_56' title='bbox 603 1290 642 1348; x_wconf 90' lang='lat' dir='ltr'><strong>de</strong></span> <span class='ocrx_word' id='word_1_57' title='bbox 662 1290 781 1348; x_wconf 88' lang='lat' dir='ltr'><strong>lectione</strong></span> <span class='ocrx_word' id='word_1_58' title='bbox 801 1288 981 1367; x_wconf 83' lang='lat' dir='ltr'><strong>Hippocratis</strong></span> <span class='ocrx_word' id='word_1_59' title='bbox 1006 1288 1120 1347; x_wconf 86' lang='lat' dir='ltr'><strong>medicis</strong></span> <span class='ocrx_word' id='word_1_60' title='bbox 1145 1287 1228 1347; x_wconf 84' lang='lat' dir='ltr'><strong>valde</strong></span> <span class='ocrx_word' id='word_1_61' title='bbox 1252 1307 1304 1348; x_wconf 86' lang='lat' dir='ltr'><strong>ne·</strong></span> 
     </span>
     <span class='ocr_line' id='line_1_11' title="bbox 180 1368 579 1436; baseline -0.008 -3"><span class='ocrx_word' id='word_1_62' title='bbox 180 1373 306 1436; x_wconf 88' lang='lat' dir='ltr'><strong>cessaria.</strong></span> <span class='ocrx_word' id='word_1_63' title='bbox 349 1371 411 1430; x_wconf 87' lang='lat' dir='ltr'><strong>Jen.</strong></span> <span class='ocrx_word' id='word_1_64' title='bbox 435 1368 526 1431; x_wconf 82' lang='lat'><strong>1768.</strong></span> <span class='ocrx_word' id='word_1_65' title='bbox 550 1370 579 1433; x_wconf 87' lang='grc'><strong>8.</strong></span> 
     </span>
     <span class='ocr_line' id='line_1_12' title="bbox 138 1454 1304 1536; baseline -0.002 -18"><span class='ocrx_word' id='word_1_66' title='bbox 138 1459 210 1518; x_wconf 89' lang='lat' dir='ltr'><strong>Curt</strong></span> <span class='ocrx_word' id='word_1_67' title='bbox 234 1457 413 1536; x_wconf 85' lang='lat' dir='ltr'><strong>Sprengel</strong></span> <span class='ocrx_word' id='word_1_68' title='bbox 437 1454 579 1535; x_wconf 84' lang='lat' dir='ltr'><strong>Apologia</strong></span> <span class='ocrx_word' id='word_1_69' title='bbox 610 1457 660 1515; x_wconf 89' lang='lat' dir='ltr'><strong>des</strong></span> <span class='ocrx_word' id='word_1_70' title='bbox 694 1456 885 1534; x_wconf 85' lang='lat' dir='ltr'><strong>Hippokrates</strong></span> <span class='ocrx_word' id='word_1_71' title='bbox 913 1457 972 1514; x_wconf 93' lang='lat' dir='ltr'><strong>und</strong></span> <span class='ocrx_word' id='word_1_72' title='bbox 999 1456 1089 1514; x_wconf 87' lang='lat' dir='ltr'><strong>seiner</strong></span> <span class='ocrx_word' id='word_1_73' title='bbox 1114 1455 1304 1516; x_wconf 77' lang='lat' dir='ltr'><strong>Grundsiitze.</strong></span> 
     </span>
    </p>
   </div>
   <div class='ocr_carea' id='block_1_9' title="bbox 137 1535 1305 1774">
    <p class='ocr_par' dir='ltr' id='par_1_9' title="bbox 137 1535 1305 1774">
     <span class='ocr_line' id='line_1_13' title="bbox 181 1535 1305 1621; baseline -0.002 -19"><span class='ocrx_word' id='word_1_74' title='bbox 181 1543 279 1621; x_wconf 78' lang='lat' dir='ltr'><strong>Leipz.</strong></span> <span class='ocrx_word' id='word_1_75' title='bbox 305 1536 405 1609; x_wconf 80' lang='grc'><strong>1789,</strong></span> <span class='ocrx_word' id='word_1_76' title='bbox 429 1535 521 1600; x_wconf 75' lang='grc'><strong>1792.</strong></span> <span class='ocrx_word' id='word_1_77' title='bbox 543 1537 572 1600; x_wconf 92' lang='grc'><strong>8.</strong></span> <span class='ocrx_word' id='word_1_78' title='bbox 617 1545 802 1616; x_wconf 84' lang='lat' dir='ltr'><strong>(Aphorismi,</strong></span> <span class='ocrx_word' id='word_1_79' title='bbox 829 1545 921 1598; x_wconf 88' lang='lat' dir='ltr'><strong>diaeta</strong></span> <span class='ocrx_word' id='word_1_80' title='bbox 937 1545 967 1597; x_wconf 91' lang='lat' dir='ltr'><strong>in</strong></span> <span class='ocrx_word' id='word_1_81' title='bbox 986 1545 1074 1598; x_wconf 88' lang='lat' dir='ltr'><strong>acutis</strong></span> <span class='ocrx_word' id='word_1_82' title='bbox 1093 1545 1128 1599; x_wconf 87' lang='lat' dir='ltr'><strong>al.</strong></span> <span class='ocrx_word' id='word_1_83' title='bbox 1151 1546 1305 1614; x_wconf 85' lang='lat' dir='ltr'><strong>germanice</strong></span> 
     </span>
     <span class='ocr_line' id='line_1_14' title="bbox 182 1621 463 1687; baseline -0.011 -11"><span class='ocrx_word' id='word_1_84' title='bbox 182 1641 239 1676; x_wconf 90' lang='lat' dir='ltr'><strong>cum</strong></span> <span class='ocrx_word' id='word_1_85' title='bbox 256 1621 463 1687; x_wconf 88' lang='lat' dir='ltr'><strong>commentario.)</strong></span> 
     </span>
     <span class='ocr_line' id='line_1_15' title="bbox 137 1692 1304 1774; baseline 0.003 -20"><span class='ocrx_word' id='word_1_86' title='bbox 137 1696 193 1754; x_wconf 87' lang='lat' dir='ltr'><strong>Jan</strong></span> <span class='ocrx_word' id='word_1_87' title='bbox 219 1695 480 1753; x_wconf 88' lang='lat' dir='ltr'><strong>Commandeur</strong></span> <span class='ocrx_word' id='word_1_88' title='bbox 512 1693 621 1770; x_wconf 87' lang='lat' dir='ltr'><strong>(praes.</strong></span> <span class='ocrx_word' id='word_1_89' title='bbox 652 1693 738 1773; x_wconf 86' lang='lat' dir='ltr'><strong>Casp.</strong></span> <span class='ocrx_word' id='word_1_90' title='bbox 769 1694 839 1753; x_wconf 89' lang='lat' dir='ltr'><strong>Geo.</strong></span> <span class='ocrx_word' id='word_1_91' title='bbox 869 1692 935 1750; x_wconf 82' lang='lat' dir='ltr'><strong>cnr.</strong></span> <span class='ocrx_word' id='word_1_92' title='bbox 963 1693 1147 1770; x_wconf 88' lang='lat' dir='ltr'><strong>Reinwardt)</strong></span> <span class='ocrx_word' id='word_1_93' title='bbox 1191 1696 1304 1774; x_wconf 83' lang='lat' dir='ltr'><strong>specim.</strong></span> 
     </span>
    </p>
   </div>
   <div class='ocr_carea' id='block_1_10' title="bbox 138 1777 1307 2028">
    <p class='ocr_par' dir='ltr' id='par_1_10' title="bbox 138 1777 1307 2028">
     <span class='ocr_line' id='line_1_16' title="bbox 180 1777 1307 1859; baseline 0.004 -23"><span class='ocrx_word' id='word_1_94' title='bbox 180 1777 345 1854; x_wconf 86' lang='lat' dir='ltr'><strong>inaugurale</strong></span> <span class='ocrx_word' id='word_1_95' title='bbox 370 1779 406 1835; x_wconf 87' lang='lat' dir='ltr'><strong>de</strong></span> <span class='ocrx_word' id='word_1_96' title='bbox 427 1777 613 1855; x_wconf 77' lang='lat' dir='ltr'><strong>Hippocrate,</strong></span> <span class='ocrx_word' id='word_1_97' title='bbox 635 1798 719 1838; x_wconf 87' lang='lat' dir='ltr'><strong>verae</strong></span> <span class='ocrx_word' id='word_1_98' title='bbox 738 1779 893 1837; x_wconf 85' lang='lat' dir='ltr'><strong>medicinae</strong></span> <span class='ocrx_word' id='word_1_99' title='bbox 912 1777 1110 1854; x_wconf 86' lang='lat' dir='ltr'><strong>instauratore,</strong></span> <span class='ocrx_word' id='word_1_100' title='bbox 1132 1781 1239 1859; x_wconf 88' lang='lat' dir='ltr'><strong>optimo</strong></span> <span class='ocrx_word' id='word_1_101' title='bbox 1256 1801 1307 1842; x_wconf 91' lang='lat' dir='ltr'><strong>na-</strong></span> 
     </span>
     <span class='ocr_line' id='line_1_17' title="bbox 179 1857 1092 1938; baseline 0.002 -18"><span class='ocrx_word' id='word_1_102' title='bbox 179 1868 260 1920; x_wconf 87' lang='lat' dir='ltr'><strong>turae</strong></span> <span class='ocrx_word' id='word_1_103' title='bbox 286 1860 475 1933; x_wconf 84' lang='lat' dir='ltr'><strong>observatore,</strong></span> <span class='ocrx_word' id='word_1_104' title='bbox 498 1863 550 1920; x_wconf 89' lang='lat' dir='ltr'><strong>rite</strong></span> <span class='ocrx_word' id='word_1_105' title='bbox 571 1863 700 1925; x_wconf 90' lang='lat' dir='ltr'><strong>colendo.</strong></span> <span class='ocrx_word' id='word_1_106' title='bbox 744 1860 838 1938; x_wconf 87' lang='lat' dir='ltr'><strong>Lugd.</strong></span> <span class='ocrx_word' id='word_1_107' title='bbox 860 1863 925 1921; x_wconf 82' lang='lat' dir='ltr'><strong>Bat</strong></span> <span class='ocrx_word' id='word_1_108' title='bbox 948 1857 1040 1926; x_wconf 74' lang='lat'><strong>1832.</strong></span> <span class='ocrx_word' id='word_1_109' title='bbox 1062 1858 1092 1922; x_wconf 95' lang='grc'><strong>8.</strong></span> 
     </span>
     <span class='ocr_line' id='line_1_18' title="bbox 138 1944 1307 2028; baseline 0.002 -22"><span class='ocrx_word' id='word_1_110' title='bbox 138 1946 245 2024; x_wconf 88' lang='lat' dir='ltr'><strong>Georg.</strong></span> <span class='ocrx_word' id='word_1_111' title='bbox 266 1944 378 2004; x_wconf 82' lang='lat' dir='ltr'><strong>Ludov.</strong></span> <span class='ocrx_word' id='word_1_112' title='bbox 402 1946 566 2005; x_wconf 88' lang='lat' dir='ltr'><strong>Goldner</strong></span> <span class='ocrx_word' id='word_1_113' title='bbox 591 1949 628 2006; x_wconf 88' lang='lat' dir='ltr'><strong>de</strong></span> <span class='ocrx_word' id='word_1_114' title='bbox 653 1947 808 2007; x_wconf 89' lang='lat' dir='ltr'><strong>medicinae</strong></span> <span class='ocrx_word' id='word_1_115' title='bbox 838 1948 945 2023; x_wconf 86' lang='lat' dir='ltr'><strong>origine</strong></span> <span class='ocrx_word' id='word_1_116' title='bbox 975 1953 1005 2006; x_wconf 87' lang='lat' dir='ltr'><strong>et</strong></span> <span class='ocrx_word' id='word_1_117' title='bbox 1028 1948 1201 2006; x_wconf 88' lang='lat' dir='ltr'><strong>medicorum</strong></span> <span class='ocrx_word' id='word_1_118' title='bbox 1228 1949 1307 2028; x_wconf 89' lang='lat' dir='ltr'><strong>prin-</strong></span> 
     </span>
    </p>
   </div>
   <div class='ocr_carea' id='block_1_11' title="bbox 179 2027 1307 2178">
    <p class='ocr_par' dir='ltr' id='par_1_11' title="bbox 179 2027 1307 2178">
     <span class='ocr_line' id='line_1_19' title="bbox 179 2027 1307 2110; baseline 0.002 -20"><span class='ocrx_word' id='word_1_119' title='bbox 179 2032 241 2110; x_wconf 82' lang='lat' dir='ltr'><strong>cipe</strong></span> <span class='ocrx_word' id='word_1_120' title='bbox 261 2031 444 2109; x_wconf 83' lang='lat' dir='ltr'><strong>Hippocrate.</strong></span> <span class='ocrx_word' id='word_1_121' title='bbox 489 2032 583 2090; x_wconf 82' lang='lat' dir='ltr'><strong>Gerae</strong></span> <span class='ocrx_word' id='word_1_122' title='bbox 597 2027 690 2093; x_wconf 74' lang='lat'><strong>1721.</strong></span> <span class='ocrx_word' id='word_1_123' title='bbox 705 2034 726 2091; x_wconf 84' lang='lat' dir='ltr'><strong>f.</strong></span> <span class='ocrx_word' id='word_1_124' title='bbox 770 2037 968 2104; x_wconf 88' lang='lat' dir='ltr'><strong>(Scholasticus</strong></span> <span class='ocrx_word' id='word_1_125' title='bbox 982 2038 1060 2090; x_wconf 88' lang='lat' dir='ltr'><strong>homo</strong></span> <span class='ocrx_word' id='word_1_126' title='bbox 1077 2043 1106 2089; x_wconf 89' lang='lat' dir='ltr'><strong>et</strong></span> <span class='ocrx_word' id='word_1_127' title='bbox 1119 2037 1307 2108; x_wconf 84' lang='lat' dir='ltr'><strong>ludimagister</strong></span> 
     </span>
     <span class='ocr_line' id='line_1_20' title="bbox 183 2112 539 2178; baseline -0.008 -12"><span class='ocrx_word' id='word_1_128' title='bbox 183 2114 314 2176; x_wconf 72' lang='lat' dir='ltr'><strong>(claranus,</strong></span> <span class='ocrx_word' id='word_1_129' title='bbox 332 2130 383 2164; x_wconf 91' lang='lat' dir='ltr'><strong>non</strong></span> <span class='ocrx_word' id='word_1_130' title='bbox 401 2112 539 2178; x_wconf 87' lang='lat' dir='ltr'><strong>medicus.)</strong></span> 
     </span>
    </p>
   </div>
   <div class='ocr_carea' id='block_1_12' title="bbox 137 2183 1307 2940">
    <p class='ocr_par' dir='ltr' id='par_1_12' title="bbox 138 2183 1307 2325">
     <span class='ocr_line' id='line_1_21' title="bbox 138 2183 1307 2325; baseline 0.003 -81"><span class='ocrx_word' id='word_1_131' title='bbox 138 2185 226 2245; x_wconf 73' lang='lat' dir='ltr'><strong>Cesar</strong></span> <span class='ocrx_word' id='word_1_132' title='bbox 249 2184 297 2243; x_wconf 88' lang='lat' dir='ltr'><strong>Le</strong></span> <span class='ocrx_word' id='word_1_133' title='bbox 298 2184 438 2325; x_wconf 60' lang='lat' dir='ltr'><strong>galleis</strong></span> <span class='ocrx_word' id='word_1_134' title='bbox 466 2183 629 2242; x_wconf 85' lang='lat' dir='ltr'><strong>recherches</strong></span> <span class='ocrx_word' id='word_1_135' title='bbox 655 2185 891 2262; x_wconf 85' lang='lat' dir='ltr'><strong>chronologiqnes</strong></span> <span class='ocrx_word' id='word_1_136' title='bbox 922 2204 970 2244; x_wconf 91' lang='lat' dir='ltr'><strong>sur</strong></span> <span class='ocrx_word' id='word_1_137' title='bbox 1002 2185 1186 2265; x_wconf 86' lang='lat' dir='ltr'><strong>Hippocrate.</strong></span> <span class='ocrx_word' id='word_1_138' title='bbox 1228 2187 1307 2247; x_wconf 87' lang='lat' dir='ltr'><strong>Paris</strong></span> 
     </span>
    </p>

    <p class='ocr_par' dir='ltr' id='par_1_13' title="bbox 137 2348 1307 2600">
     <span class='ocr_line' id='line_1_22' title="bbox 137 2348 1305 2433; baseline 0.004 -22"><span class='ocrx_word' id='word_1_139' title='bbox 137 2354 165 2412; x_wconf 90' lang='lat' dir='ltr'><strong>J.</strong></span> <span class='ocrx_word' id='word_1_140' title='bbox 186 2354 222 2413; x_wconf 92' lang='lat' dir='ltr'><strong>B.</strong></span> <span class='ocrx_word' id='word_1_141' title='bbox 248 2352 273 2409; x_wconf 91' lang='lat' dir='ltr'><strong>J.</strong></span> <span class='ocrx_word' id='word_1_142' title='bbox 298 2350 434 2409; x_wconf 90' lang='lat' dir='ltr'><strong>Boulet</strong></span> <span class='ocrx_word' id='word_1_143' title='bbox 462 2348 571 2430; x_wconf 90' lang='lat' dir='ltr'><strong>(praes.</strong></span> <span class='ocrx_word' id='word_1_144' title='bbox 593 2351 625 2411; x_wconf 80' lang='lat' dir='ltr'><strong>P.</strong></span> <span class='ocrx_word' id='word_1_145' title='bbox 651 2352 729 2430; x_wconf 86' lang='lat' dir='ltr'><strong>Sue)</strong></span> <span class='ocrx_word' id='word_1_146' title='bbox 756 2353 945 2412; x_wconf 85' lang='lat' dir='ltr'><strong>dubitationes</strong></span> <span class='ocrx_word' id='word_1_147' title='bbox 973 2354 1009 2412; x_wconf 81' lang='lat' dir='ltr'><strong>tle</strong></span> <span class='ocrx_word' id='word_1_148' title='bbox 1031 2354 1213 2433; x_wconf 87' lang='lat' dir='ltr'><strong>Hippocratis</strong></span> <span class='ocrx_word' id='word_1_149' title='bbox 1238 2357 1305 2432; x_wconf 88' lang='lat' dir='ltr'><strong>vita,</strong></span> 
     </span>
     <span class='ocr_line' id='line_1_23' title="bbox 179 2435 1307 2515; baseline 0.005 -21"><span class='ocrx_word' id='word_1_150' title='bbox 179 2435 281 2515; x_wconf 89' lang='lat' dir='ltr'><strong>patria,</strong></span> <span class='ocrx_word' id='word_1_151' title='bbox 304 2435 481 2512; x_wconf 84' lang='lat' dir='ltr'><strong>genealogia,</strong></span> <span class='ocrx_word' id='word_1_152' title='bbox 506 2439 602 2496; x_wconf 83' lang='lat' dir='ltr'><strong>forsan</strong></span> <span class='ocrx_word' id='word_1_153' title='bbox 627 2438 832 2515; x_wconf 88' lang='lat' dir='ltr'><strong>mythologicis,</strong></span> <span class='ocrx_word' id='word_1_154' title='bbox 856 2439 943 2496; x_wconf 90' lang='lat' dir='ltr'><strong>etde</strong></span> <span class='ocrx_word' id='word_1_155' title='bbox 968 2438 1136 2513; x_wconf 91' lang='lat' dir='ltr'><strong>quibusdam</strong></span> <span class='ocrx_word' id='word_1_156' title='bbox 1155 2441 1215 2515; x_wconf 83' lang='lat' dir='ltr'><strong>ejus</strong></span> <span class='ocrx_word' id='word_1_157' title='bbox 1229 2443 1307 2500; x_wconf 88' lang='lat' dir='ltr'><strong>libris</strong></span> 
     </span>
     <span class='ocr_line' id='line_1_24' title="bbox 180 2520 1306 2600; baseline 0.006 -22"><span class='ocrx_word' id='word_1_158' title='bbox 180 2521 269 2579; x_wconf 87' lang='lat' dir='ltr'><strong>multo</strong></span> <span class='ocrx_word' id='word_1_159' title='bbox 291 2521 504 2596; x_wconf 88' lang='lat' dir='ltr'><strong>antiquioribus,</strong></span> <span class='ocrx_word' id='word_1_160' title='bbox 535 2542 619 2598; x_wconf 92' lang='lat' dir='ltr'><strong>quam</strong></span> <span class='ocrx_word' id='word_1_161' title='bbox 643 2522 730 2597; x_wconf 84' lang='lat' dir='ltr'><strong>vulgo</strong></span> <span class='ocrx_word' id='word_1_162' title='bbox 751 2522 880 2579; x_wconf 89' lang='lat' dir='ltr'><strong>creditur.</strong></span> <span class='ocrx_word' id='word_1_163' title='bbox 923 2521 1001 2579; x_wconf 88' lang='lat' dir='ltr'><strong>Paris</strong></span> <span class='ocrx_word' id='word_1_164' title='bbox 1021 2541 1057 2581; x_wconf 90' lang='lat' dir='ltr'><strong>an</strong></span> <span class='ocrx_word' id='word_1_165' title='bbox 1066 2523 1120 2581; x_wconf 88' lang='lat' dir='ltr'><strong>Xll</strong></span> <span class='ocrx_word' id='word_1_166' title='bbox 1142 2520 1263 2600; x_wconf 82' lang='lat'><strong>(1804.)</strong></span> <span class='ocrx_word' id='word_1_167' title='bbox 1275 2522 1306 2585; x_wconf 84' lang='lat'><strong>4.</strong></span> 
     </span>
    </p>

    <p class='ocr_par' dir='ltr' id='par_1_14' title="bbox 138 2605 1307 2768">
     <span class='ocr_line' id='line_1_25' title="bbox 138 2605 1307 2688; baseline 0.004 -24"><span class='ocrx_word' id='word_1_168' title='bbox 138 2605 209 2664; x_wconf 86' lang='lat' dir='ltr'><strong>Gen.</strong></span> <span class='ocrx_word' id='word_1_169' title='bbox 231 2605 325 2668; x_wconf 86' lang='lat' dir='ltr'><strong>Nicol.</strong></span> <span class='ocrx_word' id='word_1_170' title='bbox 348 2605 493 2665; x_wconf 87' lang='lat' dir='ltr'><strong>Wiilflte</strong></span> <span class='ocrx_word' id='word_1_171' title='bbox 525 2611 672 2665; x_wconf 88' lang='lat' dir='ltr'><strong>comment.</strong></span> <span class='ocrx_word' id='word_1_172' title='bbox 694 2607 804 2681; x_wconf 69' lang='lat' dir='ltr'><strong>inaug„</strong></span> <span class='ocrx_word' id='word_1_173' title='bbox 834 2605 926 2663; x_wconf 85' lang='lat' dir='ltr'><strong>brevis</strong></span> <span class='ocrx_word' id='word_1_174' title='bbox 950 2606 1107 2682; x_wconf 86' lang='lat' dir='ltr'><strong>disquisitio</strong></span> <span class='ocrx_word' id='word_1_175' title='bbox 1133 2611 1169 2668; x_wconf 88' lang='lat' dir='ltr'><strong>de</strong></span> <span class='ocrx_word' id='word_1_176' title='bbox 1190 2609 1307 2688; x_wconf 89' lang='lat' dir='ltr'><strong>Hippo-</strong></span> 
     </span>
     <span class='ocr_line' id='line_1_26' title="bbox 180 2685 1060 2768; baseline 0.002 -19"><span class='ocrx_word' id='word_1_177' title='bbox 180 2696 265 2765; x_wconf 88' lang='lat' dir='ltr'><strong>crate,</strong></span> <span class='ocrx_word' id='word_1_178' title='bbox 294 2691 547 2768; x_wconf 89' lang='lat' dir='ltr'><strong>Hippocrateisque</strong></span> <span class='ocrx_word' id='word_1_179' title='bbox 568 2691 752 2749; x_wconf 89' lang='lat' dir='ltr'><strong>monimentis.</strong></span> <span class='ocrx_word' id='word_1_180' title='bbox 794 2689 887 2748; x_wconf 88' lang='lat' dir='ltr'><strong>Kiiiae</strong></span> <span class='ocrx_word' id='word_1_181' title='bbox 912 2685 1004 2750; x_wconf 78' lang='lat'><strong>1823.</strong></span> <span class='ocrx_word' id='word_1_182' title='bbox 1030 2687 1060 2751; x_wconf 88' lang='grc'><strong>4.</strong></span> 
     </span>
    </p>

    <p class='ocr_par' dir='ltr' id='par_1_15' title="bbox 137 2773 1307 2940">
     <span class='ocr_line' id='line_1_27' title="bbox 137 2773 1307 2856; baseline 0.004 -23"><span class='ocrx_word' id='word_1_183' title='bbox 137 2773 227 2853; x_wconf 91' lang='lat' dir='ltr'><strong>Leop.</strong></span> <span class='ocrx_word' id='word_1_184' title='bbox 250 2776 371 2835; x_wconf 91' lang='lat' dir='ltr'><strong>Woerl</strong></span> <span class='ocrx_word' id='word_1_185' title='bbox 392 2777 486 2853; x_wconf 87' lang='lat' dir='ltr'><strong>magni</strong></span> <span class='ocrx_word' id='word_1_186' title='bbox 507 2775 689 2854; x_wconf 87' lang='lat' dir='ltr'><strong>Hippocratis</strong></span> <span class='ocrx_word' id='word_1_187' title='bbox 714 2775 830 2833; x_wconf 87' lang='lat' dir='ltr'><strong>secundi</strong></span> <span class='ocrx_word' id='word_1_188' title='bbox 849 2775 907 2833; x_wconf 89' lang='lat' dir='ltr'><strong>vita</strong></span> <span class='ocrx_word' id='word_1_189' title='bbox 928 2782 958 2834; x_wconf 90' lang='lat' dir='ltr'><strong>et</strong></span> <span class='ocrx_word' id='word_1_190' title='bbox 971 2777 1083 2856; x_wconf 91' lang='lat' dir='ltr'><strong>scripta.</strong></span> <span class='ocrx_word' id='word_1_191' title='bbox 1107 2775 1227 2854; x_wconf 77' lang='lat' dir='ltr'><strong>Adjecta</strong></span> <span class='ocrx_word' id='word_1_192' title='bbox 1240 2784 1307 2838; x_wconf 89' lang='lat' dir='ltr'><strong>sant</strong></span> 
     </span>
     <span class='ocr_line' id='line_1_28' title="bbox 178 2860 1306 2940; baseline 0.004 -21"><span class='ocrx_word' id='word_1_193' title='bbox 178 2861 217 2919; x_wconf 91' lang='lat' dir='ltr'><strong>H.</strong></span> <span class='ocrx_word' id='word_1_194' title='bbox 229 2861 425 2937; x_wconf 86' lang='lat' dir='ltr'><strong>jusjurandum</strong></span> <span class='ocrx_word' id='word_1_195' title='bbox 447 2868 475 2920; x_wconf 89' lang='lat' dir='ltr'><strong>et</strong></span> <span class='ocrx_word' id='word_1_196' title='bbox 496 2860 726 2938; x_wconf 80' lang='lat' dir='ltr'><strong>Asclepiatlarnm</strong></span> <span class='ocrx_word' id='word_1_197' title='bbox 749 2868 899 2940; x_wconf 88' lang='lat' dir='ltr'><strong>praecepta</strong></span> <span class='ocrx_word' id='word_1_198' title='bbox 915 2861 951 2921; x_wconf 92' lang='lat' dir='ltr'><strong>de</strong></span> <span class='ocrx_word' id='word_1_199' title='bbox 965 2863 1085 2922; x_wconf 89' lang='lat' dir='ltr'><strong>sanitate</strong></span> <span class='ocrx_word' id='word_1_200' title='bbox 1106 2865 1306 2924; x_wconf 86' lang='lat' dir='ltr'><strong>conservanda.</strong></span> 
     </span>
    </p>
   </div>
   <div class='ocr_carea' id='block_1_13' title="bbox 138 2930 1306 3244">
    <p class='ocr_par' dir='ltr' id='par_1_16' title="bbox 138 2930 1306 3244">
     <span class='ocr_line' id='line_1_29' title="bbox 179 2930 1306 3038; baseline 0.002 -35"><span class='ocrx_word' id='word_1_201' title='bbox 179 2945 254 3007; x_wconf 89' lang='lat' dir='ltr'><strong>Diss.</strong></span> <span class='ocrx_word' id='word_1_202' title='bbox 277 2948 370 3020; x_wconf 89' lang='lat' dir='ltr'><strong>inaug.</strong></span> <span class='ocrx_word' id='word_1_203' title='bbox 408 2945 552 3021; x_wconf 87' lang='lat' dir='ltr'><strong>Freiburg.</strong></span> <span class='ocrx_word' id='word_1_204' title='bbox 577 2930 677 3038; x_wconf 49' lang='grc'><strong>1830]</strong></span> <span class='ocrx_word' id='word_1_205' title='bbox 692 2941 722 3002; x_wconf 93' lang='grc'><strong>8.</strong></span> <span class='ocrx_word' id='word_1_206' title='bbox 779 2949 875 3016; x_wconf 82' lang='lat' dir='ltr'><strong>(Quae</strong></span> <span class='ocrx_word' id='word_1_207' title='bbox 890 2950 933 3002; x_wconf 89' lang='lat' dir='ltr'><strong>hic</strong></span> <span class='ocrx_word' id='word_1_208' title='bbox 948 2951 1074 3005; x_wconf 91' lang='lat' dir='ltr'><strong>dicuntur</strong></span> <span class='ocrx_word' id='word_1_209' title='bbox 1086 2951 1306 3022; x_wconf 81' lang='lat' dir='ltr'><strong>Asclepiadarum</strong></span> 
     </span>
     <span class='ocr_line' id='line_1_30' title="bbox 179 3021 1306 3164; baseline 0.005 -19"><span class='ocrx_word' id='word_1_210' title='bbox 179 3021 1306 3164; x_wconf 56' lang='grc'><strong>11111111111111111111’1111111”’””””</strong></span> 
     </span>
     <span class='ocr_line' id='line_1_31' title="bbox 138 3135 1306 3244; baseline 0 -18"><span class='ocrx_word' id='word_1_211' title='bbox 138 3163 177 3226; x_wconf 74' lang='grc'><strong>11</strong></span> <span class='ocrx_word' id='word_1_212' title='bbox 200 3165 230 3226; x_wconf 89' lang='lat' dir='ltr'><strong>S.</strong></span> <span class='ocrx_word' id='word_1_213' title='bbox 253 3164 422 3224; x_wconf 88' lang='lat' dir='ltr'><strong>Houdart</strong></span> <span class='ocrx_word' id='word_1_214' title='bbox 444 3168 542 3226; x_wconf 77' lang='lat' dir='ltr'><strong>trudes</strong></span> <span class='ocrx_word' id='word_1_215' title='bbox 568 3166 737 3240; x_wconf 89' lang='lat' dir='ltr'><strong>historiques</strong></span> <span class='ocrx_word' id='word_1_216' title='bbox 759 3135 939 3244; x_wconf 62' lang='grc' dir='ltr'><strong>1111111111οέ</strong></span> <span class='ocrx_word' id='word_1_217' title='bbox 960 3137 1007 3226; x_wconf 79' lang='lat' dir='ltr'><strong>sur</strong></span> <span class='ocrx_word' id='word_1_218' title='bbox 1032 3167 1060 3226; x_wconf 91' lang='lat' dir='ltr'><strong>la</strong></span> <span class='ocrx_word' id='word_1_219' title='bbox 1080 3168 1124 3226; x_wconf 84' lang='lat' dir='ltr'><strong>vie</strong></span> <span class='ocrx_word' id='word_1_220' title='bbox 1146 3181 1174 3226; x_wconf 90' lang='lat' dir='ltr'><strong>et</strong></span> <span class='ocrx_word' id='word_1_221' title='bbox 1198 3168 1226 3226; x_wconf 90' lang='lat' dir='ltr'><strong>la</strong></span> <span class='ocrx_word' id='word_1_222' title='bbox 1252 3170 1306 3226; x_wconf 94' lang='lat' dir='ltr'><strong>do-</strong></span> 
     </span>
    </p>
   </div>
   <div class='ocr_carea' id='block_1_14' title="bbox 181 3247 1306 3329">
    <p class='ocr_par' dir='ltr' id='par_1_17' title="bbox 181 3247 1306 3329">
     <span class='ocr_line' id='line_1_32' title="bbox 181 3247 1306 3329; baseline 0.004 -22"><span class='ocrx_word' id='word_1_223' title='bbox 181 3249 268 3308; x_wconf 84' lang='lat' dir='ltr'><strong>ctrine</strong></span> <span class='ocrx_word' id='word_1_224' title='bbox 294 3247 510 3329; x_wconf 89' lang='lat' dir='ltr'><strong>d’Hippocrate,</strong></span> <span class='ocrx_word' id='word_1_225' title='bbox 535 3256 564 3309; x_wconf 91' lang='lat' dir='ltr'><strong>et</strong></span> <span class='ocrx_word' id='word_1_226' title='bbox 585 3269 632 3307; x_wconf 88' lang='lat' dir='ltr'><strong>sur</strong></span> <span class='ocrx_word' id='word_1_227' title='bbox 653 3250 732 3308; x_wconf 71' lang='lat' dir='ltr'><strong>l’titat</strong></span> <span class='ocrx_word' id='word_1_228' title='bbox 753 3252 790 3310; x_wconf 89' lang='lat' dir='ltr'><strong>de</strong></span> <span class='ocrx_word' id='word_1_229' title='bbox 814 3250 841 3310; x_wconf 90' lang='lat' dir='ltr'><strong>la</strong></span> <span class='ocrx_word' id='word_1_230' title='bbox 865 3252 1010 3310; x_wconf 67' lang='lat' dir='ltr'><strong>mtdecine</strong></span> <span class='ocrx_word' id='word_1_231' title='bbox 1030 3258 1116 3311; x_wconf 87' lang='lat' dir='ltr'><strong>avant</strong></span> <span class='ocrx_word' id='word_1_232' title='bbox 1136 3252 1183 3312; x_wconf 88' lang='lat' dir='ltr'><strong>lui.</strong></span> <span class='ocrx_word' id='word_1_233' title='bbox 1226 3251 1306 3312; x_wconf 90' lang='lat' dir='ltr'><strong>Paris</strong></span> 
     </span>
    </p>
   </div>
   <div class='ocr_carea' id='block_1_15' title="bbox 180 3328 1306 3479">
    <p class='ocr_par' dir='ltr' id='par_1_18' title="bbox 180 3328 1306 3479">
     <span class='ocr_line' id='line_1_33' title="bbox 182 3328 1306 3413; baseline 0.005 -21"><span class='ocrx_word' id='word_1_234' title='bbox 182 3328 273 3392; x_wconf 87' lang='grc'><strong>1836.</strong></span> <span class='ocrx_word' id='word_1_235' title='bbox 300 3329 329 3393; x_wconf 93' lang='grc'><strong>8.</strong></span> <span class='ocrx_word' id='word_1_236' title='bbox 364 3340 482 3407; x_wconf 87' lang='lat' dir='ltr'><strong>(Merita</strong></span> <span class='ocrx_word' id='word_1_237' title='bbox 496 3339 675 3410; x_wconf 84' lang='lat' dir='ltr'><strong>Hippocratis</strong></span> <span class='ocrx_word' id='word_1_238' title='bbox 691 3339 873 3410; x_wconf 88' lang='lat' dir='ltr'><strong>dijudicantur</strong></span> <span class='ocrx_word' id='word_1_239' title='bbox 887 3340 1032 3394; x_wconf 85' lang='lat' dir='ltr'><strong>secundum</strong></span> <span class='ocrx_word' id='word_1_240' title='bbox 1046 3341 1183 3413; x_wconf 86' lang='lat' dir='ltr'><strong>principia</strong></span> <span class='ocrx_word' id='word_1_241' title='bbox 1197 3344 1306 3399; x_wconf 86' lang='lat' dir='ltr'><strong>scholae</strong></span> 
     </span>
     <span class='ocr_line' id='line_1_34' title="bbox 180 3415 417 3479; baseline 0.004 -11"><span class='ocrx_word' id='word_1_242' title='bbox 180 3415 417 3479; x_wconf 81' lang='lat' dir='ltr'><strong>Broussaisianne,)</strong></span> 
     </span>
    </p>
   </div>
   <div class='ocr_carea' id='block_1_16' title="bbox 137 3486 1308 4161">
    <p class='ocr_par' dir='ltr' id='par_1_19' title="bbox 137 3486 1308 3739">
     <span class='ocr_line' id='line_1_35' title="bbox 137 3486 1307 3571; baseline 0.005 -25"><span class='ocrx_word' id='word_1_243' title='bbox 137 3486 206 3546; x_wconf 82' lang='lat' dir='ltr'><strong>Paul</strong></span> <span class='ocrx_word' id='word_1_244' title='bbox 227 3488 286 3550; x_wconf 86' lang='lat' dir='ltr'><strong>Jos.</strong></span> <span class='ocrx_word' id='word_1_245' title='bbox 310 3490 472 3549; x_wconf 88' lang='lat' dir='ltr'><strong>Barthez</strong></span> <span class='ocrx_word' id='word_1_246' title='bbox 495 3489 620 3548; x_wconf 88' lang='lat' dir='ltr'><strong>discours</strong></span> <span class='ocrx_word' id='word_1_247' title='bbox 646 3509 694 3549; x_wconf 91' lang='lat' dir='ltr'><strong>sur</strong></span> <span class='ocrx_word' id='word_1_248' title='bbox 714 3490 741 3548; x_wconf 88' lang='lat' dir='ltr'><strong>le</strong></span> <span class='ocrx_word' id='word_1_249' title='bbox 762 3488 845 3567; x_wconf 85' lang='lat' dir='ltr'><strong>ge&#39;nie</strong></span> <span class='ocrx_word' id='word_1_250' title='bbox 866 3487 1078 3568; x_wconf 88' lang='lat' dir='ltr'><strong>d’Hippocrate.</strong></span> <span class='ocrx_word' id='word_1_251' title='bbox 1127 3491 1307 3571; x_wconf 88' lang='lat' dir='ltr'><strong>Montpellier</strong></span> 
     </span>
     <span class='ocr_line' id='line_1_36' title="bbox 181 3569 1262 3656; baseline 0.004 -24"><span class='ocrx_word' id='word_1_252' title='bbox 181 3569 273 3633; x_wconf 89' lang='grc'><strong>1801.</strong></span> <span class='ocrx_word' id='word_1_253' title='bbox 295 3569 324 3638; x_wconf 89' lang='grc'><strong>8.</strong></span> <span class='ocrx_word' id='word_1_254' title='bbox 348 3607 390 3618; x_wconf 86' lang='lat'><strong>-·</strong></span> <span class='ocrx_word' id='word_1_255' title='bbox 415 3576 502 3633; x_wconf 85' lang='lat' dir='ltr'><strong>Redit</strong></span> <span class='ocrx_word' id='word_1_256' title='bbox 521 3579 552 3634; x_wconf 83' lang='lat' dir='ltr'><strong>in</strong></span> <span class='ocrx_word' id='word_1_257' title='bbox 572 3576 694 3634; x_wconf 90' lang='lat' dir='ltr'><strong>Baumes</strong></span> <span class='ocrx_word' id='word_1_258' title='bbox 719 3575 802 3650; x_wconf 72' lang='lat' dir='ltr'><strong>aloga</strong></span> <span class='ocrx_word' id='word_1_259' title='bbox 823 3575 859 3633; x_wconf 88' lang='lat' dir='ltr'><strong>de</strong></span> <span class='ocrx_word' id='word_1_260' title='bbox 878 3576 1011 3636; x_wconf 86' lang='lat' dir='ltr'><strong>Barthez.</strong></span> <span class='ocrx_word' id='word_1_261' title='bbox 1037 3578 1148 3656; x_wconf 88' lang='lat' dir='ltr'><strong>Montp.</strong></span> <span class='ocrx_word' id='word_1_262' title='bbox 1172 3573 1262 3636; x_wconf 90' lang='grc'><strong>1806.</strong></span> 
     </span>
     <span class='ocr_line' id='line_1_37' title="bbox 139 3653 1308 3739; baseline 0.005 -24"><span class='ocrx_word' id='word_1_263' title='bbox 139 3657 171 3715; x_wconf 86' lang='lat' dir='ltr'><strong>C.</strong></span> <span class='ocrx_word' id='word_1_264' title='bbox 195 3656 413 3718; x_wconf 87' lang='lat' dir='ltr'><strong>Desallenrs</strong></span> <span class='ocrx_word' id='word_1_265' title='bbox 436 3661 475 3718; x_wconf 91' lang='lat' dir='ltr'><strong>du</strong></span> <span class='ocrx_word' id='word_1_266' title='bbox 500 3660 583 3734; x_wconf 73' lang='lat' dir='ltr'><strong>gdnie</strong></span> <span class='ocrx_word' id='word_1_267' title='bbox 606 3653 808 3739; x_wconf 88' lang='lat' dir='ltr'><strong>d&#39;Hippocrate</strong></span> <span class='ocrx_word' id='word_1_268' title='bbox 833 3665 863 3717; x_wconf 90' lang='lat' dir='ltr'><strong>et</strong></span> <span class='ocrx_word' id='word_1_269' title='bbox 882 3662 918 3720; x_wconf 88' lang='lat' dir='ltr'><strong>de</strong></span> <span class='ocrx_word' id='word_1_270' title='bbox 939 3681 992 3719; x_wconf 90' lang='lat' dir='ltr'><strong>son</strong></span> <span class='ocrx_word' id='word_1_271' title='bbox 1012 3662 1148 3719; x_wconf 88' lang='lat' dir='ltr'><strong>influence</strong></span> <span class='ocrx_word' id='word_1_272' title='bbox 1172 3680 1220 3720; x_wconf 90' lang='lat' dir='ltr'><strong>sur</strong></span> <span class='ocrx_word' id='word_1_273' title='bbox 1245 3659 1308 3721; x_wconf 90' lang='lat' dir='ltr'><strong>l’art</strong></span> 
     </span>
    </p>

    <p class='ocr_par' dir='ltr' id='par_1_20' title="bbox 182 3739 1158 3820">
     <span class='ocr_line' id='line_1_38' title="bbox 182 3739 1158 3820; baseline 0.001 -21"><span class='ocrx_word' id='word_1_274' title='bbox 182 3743 218 3800; x_wconf 84' lang='lat' dir='ltr'><strong>de</strong></span> <span class='ocrx_word' id='word_1_275' title='bbox 239 3744 341 3820; x_wconf 67' lang='lat' dir='ltr'><strong>guerit.</strong></span> <span class='ocrx_word' id='word_1_276' title='bbox 385 3745 464 3803; x_wconf 85' lang='lat' dir='ltr'><strong>Paris</strong></span> <span class='ocrx_word' id='word_1_277' title='bbox 490 3739 582 3806; x_wconf 73' lang='lat'><strong>1824.</strong></span> <span class='ocrx_word' id='word_1_278' title='bbox 608 3739 637 3807; x_wconf 85' lang='grc'><strong>8.</strong></span> <span class='ocrx_word' id='word_1_279' title='bbox 683 3748 889 3817; x_wconf 85' lang='lat' dir='ltr'><strong>(Commentatio</strong></span> <span class='ocrx_word' id='word_1_280' title='bbox 904 3750 1024 3819; x_wconf 87' lang='lat' dir='ltr'><strong>praemio</strong></span> <span class='ocrx_word' id='word_1_281' title='bbox 1040 3749 1158 3815; x_wconf 85' lang='lat' dir='ltr'><strong>ornata.)</strong></span> 
     </span>
    </p>

    <p class='ocr_par' dir='ltr' id='par_1_21' title="bbox 139 3825 1307 4058">
     <span class='ocr_line' id='line_1_39' title="bbox 139 3825 1304 3906; baseline 0.004 -24"><span class='ocrx_word' id='word_1_282' title='bbox 139 3825 236 3883; x_wconf 91' lang='lat' dir='ltr'><strong>Simon</strong></span> <span class='ocrx_word' id='word_1_283' title='bbox 258 3826 375 3886; x_wconf 86' lang='lat' dir='ltr'><strong>Paulli</strong></span> <span class='ocrx_word' id='word_1_284' title='bbox 401 3831 507 3906; x_wconf 91' lang='lat' dir='ltr'><strong>oratio,</strong></span> <span class='ocrx_word' id='word_1_285' title='bbox 540 3849 588 3887; x_wconf 92' lang='lat' dir='ltr'><strong>cur</strong></span> <span class='ocrx_word' id='word_1_286' title='bbox 607 3829 679 3888; x_wconf 89' lang='lat' dir='ltr'><strong>sicut</strong></span> <span class='ocrx_word' id='word_1_287' title='bbox 702 3830 774 3887; x_wconf 87' lang='lat' dir='ltr'><strong>inter</strong></span> <span class='ocrx_word' id='word_1_288' title='bbox 795 3827 901 3906; x_wconf 88' lang='lat' dir='ltr'><strong>plastas</strong></span> <span class='ocrx_word' id='word_1_289' title='bbox 926 3828 1058 3902; x_wconf 87' lang='lat' dir='ltr'><strong>Phidias,</strong></span> <span class='ocrx_word' id='word_1_290' title='bbox 1090 3827 1162 3887; x_wconf 91' lang='lat' dir='ltr'><strong>iuter</strong></span> <span class='ocrx_word' id='word_1_291' title='bbox 1182 3828 1304 3906; x_wconf 89' lang='lat' dir='ltr'><strong>pictores</strong></span> 
     </span>
     <span class='ocr_line' id='line_1_40' title="bbox 180 3909 1307 3992; baseline 0.004 -25"><span class='ocrx_word' id='word_1_292' title='bbox 180 3909 305 3988; x_wconf 79' lang='lat' dir='ltr'><strong>Apelles,</strong></span> <span class='ocrx_word' id='word_1_293' title='bbox 334 3913 371 3970; x_wconf 92' lang='lat' dir='ltr'><strong>ita</strong></span> <span class='ocrx_word' id='word_1_294' title='bbox 394 3916 465 3973; x_wconf 89' lang='lat' dir='ltr'><strong>inter</strong></span> <span class='ocrx_word' id='word_1_295' title='bbox 491 3917 614 3974; x_wconf 89' lang='lat' dir='ltr'><strong>medicos</strong></span> <span class='ocrx_word' id='word_1_296' title='bbox 635 3915 824 3992; x_wconf 86' lang='lat' dir='ltr'><strong>Hippocrates</strong></span> <span class='ocrx_word' id='word_1_297' title='bbox 849 3911 1017 3987; x_wconf 88' lang='lat' dir='ltr'><strong>celebretur,</strong></span> <span class='ocrx_word' id='word_1_298' title='bbox 1047 3931 1166 3972; x_wconf 86' lang='lat' dir='ltr'><strong>nemove</strong></span> <span class='ocrx_word' id='word_1_299' title='bbox 1184 3913 1238 3972; x_wconf 92' lang='lat' dir='ltr'><strong>hac</strong></span> <span class='ocrx_word' id='word_1_300' title='bbox 1258 3934 1307 3972; x_wconf 89' lang='lat' dir='ltr'><strong>ae-</strong></span> 
     </span>
     <span class='ocr_line' id='line_1_41' title="bbox 180 3990 846 4058; baseline -0.002 -5"><span class='ocrx_word' id='word_1_301' title='bbox 180 4002 241 4055; x_wconf 88' lang='lat' dir='ltr'><strong>tate</strong></span> <span class='ocrx_word' id='word_1_302' title='bbox 266 3997 359 4055; x_wconf 91' lang='lat' dir='ltr'><strong>similis</strong></span> <span class='ocrx_word' id='word_1_303' title='bbox 381 4001 406 4058; x_wconf 92' lang='lat' dir='ltr'><strong>ei</strong></span> <span class='ocrx_word' id='word_1_304' title='bbox 427 3999 551 4058; x_wconf 73' lang='lat' dir='ltr'><strong>existat?</strong></span> <span class='ocrx_word' id='word_1_305' title='bbox 594 3999 681 4057; x_wconf 83' lang='lat' dir='ltr'><strong>Hafa.</strong></span> <span class='ocrx_word' id='word_1_306' title='bbox 703 3991 794 4056; x_wconf 89' lang='grc'><strong>1644.</strong></span> <span class='ocrx_word' id='word_1_307' title='bbox 817 3990 846 4054; x_wconf 92' lang='grc'><strong>8.</strong></span> 
     </span>
    </p>

    <p class='ocr_par' dir='ltr' id='par_1_22' title="bbox 140 4080 1307 4161">
     <span class='ocr_line' id='line_1_42' title="bbox 140 4080 1307 4161; baseline 0.002 -23"><span class='ocrx_word' id='word_1_308' title='bbox 140 4081 218 4143; x_wconf 89' lang='lat' dir='ltr'><strong>Gius.</strong></span> <span class='ocrx_word' id='word_1_309' title='bbox 241 4081 474 4142; x_wconf 87' lang='lat' dir='ltr'><strong>Montasanto</strong></span> <span class='ocrx_word' id='word_1_310' title='bbox 494 4103 638 4161; x_wconf 86' lang='lat' dir='ltr'><strong>paragone</strong></span> <span class='ocrx_word' id='word_1_311' title='bbox 664 4080 840 4160; x_wconf 88' lang='lat' dir='ltr'><strong>d’lppocrate</strong></span> <span class='ocrx_word' id='word_1_312' title='bbox 862 4101 914 4139; x_wconf 90' lang='lat' dir='ltr'><strong>con</strong></span> <span class='ocrx_word' id='word_1_313' title='bbox 935 4083 1060 4144; x_wconf 88' lang='lat' dir='ltr'><strong>Socrate.</strong></span> <span class='ocrx_word' id='word_1_314' title='bbox 1083 4081 1214 4156; x_wconf 75' lang='lat' dir='ltr'><strong>Discorso</strong></span> <span class='ocrx_word' id='word_1_315' title='bbox 1237 4083 1307 4141; x_wconf 88' lang='lat' dir='ltr'><strong>letto</strong></span> 
     </span>
    </p>
   </div>
   <div class='ocr_carea' id='block_1_17' title="bbox 181 4161 1307 4232">
    <p class='ocr_par' dir='ltr' id='par_1_23' title="bbox 181 4161 1307 4232">
     <span class='ocr_line' id='line_1_43' title="bbox 181 4161 1307 4232; baseline 0.005 -8"><span class='ocrx_word' id='word_1_316' title='bbox 181 4164 227 4224; x_wconf 91' lang='lat' dir='ltr'><strong>all&#39;</strong></span> <span class='ocrx_word' id='word_1_317' title='bbox 253 4165 421 4226; x_wconf 81' lang='lat' dir='ltr'><strong>Accademia</strong></span> <span class='ocrx_word' id='word_1_318' title='bbox 445 4169 472 4225; x_wconf 92' lang='lat' dir='ltr'><strong>di</strong></span> <span class='ocrx_word' id='word_1_319' title='bbox 494 4168 609 4227; x_wconf 88' lang='lat' dir='ltr'><strong>Padova</strong></span> <span class='ocrx_word' id='word_1_320' title='bbox 631 4166 649 4224; x_wconf 93' lang='lat' dir='ltr'><strong>il</strong></span> <span class='ocrx_word' id='word_1_321' title='bbox 672 4167 700 4226; x_wconf 93' lang='lat' dir='ltr'><strong>di</strong></span> <span class='ocrx_word' id='word_1_322' title='bbox 723 4161 772 4231; x_wconf 84' lang='grc'><strong>13.</strong></span> <span class='ocrx_word' id='word_1_323' title='bbox 795 4165 951 4226; x_wconf 86' lang='lat' dir='ltr'><strong>Decembre</strong></span> <span class='ocrx_word' id='word_1_324' title='bbox 962 4163 1053 4232; x_wconf 77' lang='lat'><strong>1821.</strong></span> <span class='ocrx_word' id='word_1_325' title='bbox 1082 4168 1198 4227; x_wconf 88' lang='lat' dir='ltr'><strong>Padova</strong></span> <span class='ocrx_word' id='word_1_326' title='bbox 1213 4163 1307 4230; x_wconf 73' lang='lat'><strong>1822.</strong></span> 
     </span>
    </p>
   </div>
   <div class='ocr_carea' id='block_1_18' title="bbox 140 4248 1309 4401">
    <p class='ocr_par' dir='ltr' id='par_1_24' title="bbox 140 4248 1309 4401">
     <span class='ocr_line' id='line_1_44' title="bbox 183 4248 906 4318; baseline 0.001 -18"><span class='ocrx_word' id='word_1_327' title='bbox 183 4248 282 4314; x_wconf 83' lang='lat' dir='ltr'><strong>(Etiam</strong></span> <span class='ocrx_word' id='word_1_328' title='bbox 301 4265 358 4300; x_wconf 92' lang='lat' dir='ltr'><strong>cum</strong></span> <span class='ocrx_word' id='word_1_329' title='bbox 376 4249 438 4302; x_wconf 89' lang='lat' dir='ltr'><strong>diss.</strong></span> <span class='ocrx_word' id='word_1_330' title='bbox 458 4249 490 4301; x_wconf 91' lang='lat' dir='ltr'><strong>de</strong></span> <span class='ocrx_word' id='word_1_331' title='bbox 508 4248 686 4318; x_wconf 86' lang='lat' dir='ltr'><strong>Theophrasti</strong></span> <span class='ocrx_word' id='word_1_332' title='bbox 703 4248 791 4303; x_wconf 80' lang='lat' dir='ltr'><strong>Eresii</strong></span> <span class='ocrx_word' id='word_1_333' title='bbox 809 4248 906 4314; x_wconf 88' lang='lat' dir='ltr'><strong>libris.)</strong></span> 
     </span>
     <span class='ocr_line' id='line_1_45' title="bbox 140 4320 1309 4401; baseline 0.003 -23"><span class='ocrx_word' id='word_1_334' title='bbox 140 4320 245 4397; x_wconf 86' lang='lat' dir='ltr'><strong>Georg.</strong></span> <span class='ocrx_word' id='word_1_335' title='bbox 270 4320 345 4396; x_wconf 82' lang='lat' dir='ltr'><strong>Aug.</strong></span> <span class='ocrx_word' id='word_1_336' title='bbox 366 4322 569 4398; x_wconf 87' lang='lat' dir='ltr'><strong>Langguth</strong></span> <span class='ocrx_word' id='word_1_337' title='bbox 591 4341 689 4399; x_wconf 87' lang='lat' dir='ltr'><strong>progr.</strong></span> <span class='ocrx_word' id='word_1_338' title='bbox 712 4323 749 4381; x_wconf 89' lang='lat' dir='ltr'><strong>de</strong></span> <span class='ocrx_word' id='word_1_339' title='bbox 768 4324 944 4401; x_wconf 88' lang='lat' dir='ltr'><strong>Hippocrate</strong></span> <span class='ocrx_word' id='word_1_340' title='bbox 970 4320 1134 4379; x_wconf 89' lang='lat' dir='ltr'><strong>medicinam</strong></span> <span class='ocrx_word' id='word_1_341' title='bbox 1156 4340 1173 4380; x_wconf 91' lang='lat' dir='ltr'><strong>a</strong></span> <span class='ocrx_word' id='word_1_342' title='bbox 1198 4321 1309 4400; x_wconf 89' lang='lat' dir='ltr'><strong>sapien-</strong></span> 
     </span>
    </p>
   </div>
   <div class='ocr_carea' id='block_1_19' title="bbox 182 4400 1069 4486">
    <p class='ocr_par' dir='ltr' id='par_1_25' title="bbox 182 4400 1069 4486">
     <span class='ocr_line' id='line_1_46' title="bbox 182 4400 1069 4486; baseline 0.008 -25"><span class='ocrx_word' id='word_1_343' title='bbox 182 4405 238 4464; x_wconf 89' lang='lat' dir='ltr'><strong>tiae</strong></span> <span class='ocrx_word' id='word_1_344' title='bbox 259 4405 355 4465; x_wconf 90' lang='lat' dir='ltr'><strong>studio</strong></span> <span class='ocrx_word' id='word_1_345' title='bbox 376 4426 433 4466; x_wconf 91' lang='lat' dir='ltr'><strong>non</strong></span> <span class='ocrx_word' id='word_1_346' title='bbox 457 4407 569 4466; x_wconf 92' lang='lat' dir='ltr'><strong>omnino</strong></span> <span class='ocrx_word' id='word_1_347' title='bbox 598 4410 756 4486; x_wconf 86' lang='lat' dir='ltr'><strong>separante.</strong></span> <span class='ocrx_word' id='word_1_348' title='bbox 799 4407 893 4471; x_wconf 89' lang='lat' dir='ltr'><strong>Viteb.</strong></span> <span class='ocrx_word' id='word_1_349' title='bbox 917 4400 1010 4467; x_wconf 89' lang='grc'><strong>1744.</strong></span> <span class='ocrx_word' id='word_1_350' title='bbox 1037 4400 1069 4468; x_wconf 85' lang='grc'><strong>4.</strong></span> 
     </span>
    </p>
   </div>
   <div class='ocr_carea' id='block_1_20' title="bbox 0 0 1452 4958">
    <p class='ocr_par' dir='ltr' id='par_1_26' title="bbox 0 0 1452 4958">
     <span class='ocr_line' id='line_1_47' title="bbox 0 0 1452 4958; baseline 0 0"><span class='ocrx_word' id='word_1_351' title='bbox 0 0 1452 4958; x_wconf 95' lang='lat' dir='ltr'><strong> </strong></span> 
     </span>
    </p>
   </div>
  </div>
 </body>
</html>
