2888 4958
198 293 241 358 58
637 294 775 356 Medicina
799 295 923 373 antiqno.

242 451 287 509 Jo.
309 447 410 508 Ludw.
432 448 606 508 Bianconi
628 448 851 508 Sendschreiben
874 448 944 508 iiber
966 448 1020 506 den
1042 448 1076 511 A.
1099 448 1186 512 Corn.
1210 449 1310 508 Celsus
1330 469 1368 509 an

242 537 298 594 den
330 533 389 592 Abt
413 535 490 593 Hier.
524 533 691 592 Tiraboschi
727 534 810 593 nebst
840 535 916 593 einer
941 533 1084 592 Zuschrilt
1116 555 1172 593 von
1206 535 1273 592 Carl
1298 535 1366 600 Chr,

241 620 391 683 Krause.
436 613 649 696 Leipz,1781.
675 614 704 683 8,
749 624 871 690 (Doctae
892 623 1098 693 disquisitiones
1119 626 1153 677 de
1173 625 1249 676 Celsi
1272 634 1365 678 aetate

240 720 291 755 nnn
308 701 340 752 ad
358 699 458 752 Tiberii
477 700 521 751 sed
540 699 573 752 ed
592 700 703 768 Augusti
721 706 839 770 tempora
856 701 1025 771 pertinente.)

198 776 276 834 Gius.
298 772 365 832 Ant.
392 773 438 831 del
465 773 579 850 Chiap
586 793 630 850 pa
650 774 763 831 intorno
788 773 840 831 alle
862 793 947 850 opere
968 793 984 831 e
1005 773 1059 831 alla
1080 773 1245 832 condizione
1266 793 1366 852 perso-

238 858 302 919 nale
327 859 373 916 die
395 857 466 915 Aulo
489 856 574 919 Corn.
600 857 693 916 Celso.
728 857 833 914 Milano
861 853 950 917 1819.
978 853 1026 916 12.
1072 864 1119 930 (C.
1135 863 1218 915 fnisse
1233 864 1365 918 medicum

241 940 370 1006 clinicum,
389 938 531 1008 praecipue
548 955 611 990 vero
631 938 793 1006 chirurgum‚
818 939 909 991 librum
928 955 1000 992 suum
1018 957 1069 992 non
1090 940 1194 993 medicis
1212 940 1294 993 solum
1315 942 1363 995 sed

238 1009 376 1076 unicuique
394 1007 554 1072 destinasse3
574 1007 623 1063 Ch.
642 1007 711 1059 Celsi
729 1007 810 1060 libros
828 1015 888 1060 octo
906 1008 963 1064 ital.
982 1017 1050 1063 vert.
1070 1008 1167 1061 Milano
1188 1009 1262 1066 1818.
1281 1010 1321 1078 8.)
1370 1056 1374 1067 ,

196 1099 288 1160 Maur.
321 1097 396 1155 Gnil.
424 1096 611 1172 Schilling
642 1097 768 1171 quaestio
795 1097 832 1155 de
863 1097 949 1160 Corn.
977 1097 1051 1156 Celsi
1073 1098 1139 1154 vita.
1184 1098 1252 1156 Pars
1273 1100 1362 1177 prior,

239 1187 276 1242 de
297 1184 371 1241 Celsi
393 1187 496 1253 aetate,
520 1181 586 1240 diss.
608 1181 704 1256 inaug.
747 1179 824 1258 Lips.
848 1176 939 1240 1824.
965 1178 994 1240 8.
1025 1195 1264 1263 (Cfr‚„Cetem=‘in
1276 1199 1362 1249 Erech

237 1284 265 1321 rs.
286 1266 390 1317 Grnber
407 1265 512 1332 allgem.
530 1262 674 1330 Encyltlop.
693 1263 718 1313 d.
744 1263 971 1331 Wiseenschosten
987 1282 1014 1319 u.
1033 1266 1134 1316 Krinste
1155 1265 1206 1319 Bd.
1227 1264 1267 1322 16.
1288 1266 1362 1322 824

234 1340 280 1405 fg.
303 1334 417 1400 ejusdem
436 1330 565 1395 auctoris3
584 1331 619 1382 nil
637 1329 744 1400 amplius
762 1332 882 1401 prodiit.)

196 1407 267 1466 Geo.
288 1405 467 1464 Matthiae
492 1403 578 1482 (resp.
601 1403 668 1461 Seb.
697 1403 763 1461 Chr.
789 1404 939 1483 Kortholt)
962 1404 1028 1462 diss.
1051 1406 1088 1462 de
1111 1405 1197 1464 Corn.
1215 1406 1290 1464 Celsi
1304 1427 1362 1468 me-

237 1492 335 1551 dicina.
380 1490 508 1564 Gotting.
535 1482 626 1546 1766.
648 1484 677 1546 4.

194 1574 288 1635 Alexis
313 1573 658 1633 Lullier-Wiuslow
680 1572 837 1652 exposition
859 1574 897 1632 de
917 1573 944 1632 la
965 1573 1092 1633 doctrine
1114 1575 1151 1633 de
1172 1576 1266 1638 Celse.
1295 1579 1362 1648 (Pa-

235 1664 273 1720 ris
295 1655 419 1734 18101)
440 1654 471 1720 8.

193 1746 277 1806 lllich.
303 1746 369 1802 Chr.
401 1744 473 1806 Just,
499 1741 735 1800 Eschenbach
768 1743 849 1820 epist.
882 1742 1015 1818 gratulat.
1041 1743 1078 1801 ad
1103 1743 1139 1802 G.
1164 1742 1200 1809 L.
1224 1746 1360 1821 Woclsaz,

236 1832 272 1889 de
296 1828 380 1887 Celso
403 1848 460 1886 nou
482 1829 589 1885 medico
611 1829 742 1905 practico.
786 1827 863 1906 Lips.
887 1823 979 1888 1772.
1004 1822 1035 1888 4.

192 1915 281 1976 Henr.
304 1914 380 1976 Guil.
403 1915 611 1971 Romanson
634 1913 735 1989 (praes.
758 1912 831 1970 Pehr
853 1932 881 1970 v.
906 1911 1046 1990 Afzelius)
1070 1914 1136 1976 diss.
1152 1914 1249 1991 inaug.
1261 1916 1361 1975 obser-

234 2001 359 2059 vationes
381 1998 407 2056 in
430 1999 593 2057 medicinam
617 1996 681 2056 Auli
706 1999 791 2055 Corn.
814 1997 897 2056 Celsi.
941 1995 1155 2076 Upsal.1803.
1180 1995 1209 2058 4.

191 2084 269 2150 Hier.
291 2084 435 2142 Rubeus
458 2081 579 2160 (Geron.
597 2083 692 2159 Rossi)
709 2084 906 2141 annotationes
928 2083 955 2140 iu
979 2082 1064 2140 libros
1086 2091 1151 2142 octo
1174 2085 1259 2144 Corn.
1276 2084 1359 2148 Celsi.

234 2171 334 2230 Venel.
346 2163 475 2227 16164.
491 2174 605 2240 (Comm.
619 2173 678 2223 fere
689 2179 856 2240 perpetuus3
871 2174 905 2226 R.
918 2171 1022 2239 †1607,
1035 2170 1358 2242 edid.Francisc.filius.)

190 2255 236 2316 Jo.
257 2255 335 2314 Frid.
362 2253 524 2311 Clossius
546 2271 620 2329 spec.
643 2252 869 2310 observationum
892 2253 1048 2311 criticorum
1067 2254 1096 2310 in
1117 2251 1152 2316 A.
1181 2256 1266 2314 Corn.
1293 2257 1359 2315 Cel·

233 2361 304 2399 sum.
349 2335 467 2394 Accedit
488 2336 607 2395 diatriba
629 2338 665 2394 de
689 2336 848 2394 salsamenti
873 2357 890 2394 a
912 2338 996 2394 Celso
1017 2338 1055 2395 ad
1078 2338 1178 2396 vulnus
1198 2359 1294 2400 morsu
1314 2343 1358 2400 sa-

233 2430 309 2483 ctum
335 2422 520 2479 commendati
541 2420 754 2496 significatione.
797 2422 876 2496 Traj.
902 2422 940 2479 ad
962 2423 1051 2480 Rhen.
1074 2417 1164 2486 1768.
1185 2421 1215 2482 4.

189 2509 236 2571 Jo.
262 2506 361 2567 Jacob.
393 2506 499 2563 Baier
531 2506 720 2584 schediasma,
757 2526 813 2582 quo
842 2508 999 2565 institutum
1021 2525 1100 2565 suum
1122 2510 1159 2567 de
1179 2507 1246 2567 Aur.
1270 2510 1357 2569 Corn.

232 2593 316 2651 Celso
338 2593 375 2648 ad
397 2591 529 2666 majorem
551 2590 742 2668 philiatrorum
764 2592 910 2650 utilitatem
935 2593 1175 2651 accommodando
1199 2596 1289 2672 aperit
1313 2602 1357 2654 at-

232 2698 289 2755 que
314 2678 499 2736 commendat.
543 2675 644 2734 Altorf.
668 2670 758 2736 1720.
781 2671 810 2734 4.
855 2681 964 2748 (Editio
979 2681 1041 2750 ipsa
1054 2700 1107 2734 non
1121 2682 1250 2752 prodiit.)

187 2776 262 2855 Aug.
288 2780 451 2838 Aenotheus
477 2778 607 2837 Weber
629 2778 767 2856 specimen
789 2796 880 2835 novae
907 2779 1036 2837 editionis
1065 2776 1129 2837 Auli
1163 2780 1248 2839 Corn.
1270 2781 1354 2842 Celsi.

230 2864 295 2927 Hal.
323 2859 413 2924 1788.
439 2859 468 2922 4.
513 2866 618 2934 (Editio
632 2868 694 2936 ipsa
709 2886 761 2919 non
775 2867 902 2935 prodiit.)

188 2949 253 3008 Car.
273 2950 343 3006 Glo.
368 2949 471 3006 Kiihn
506 2967 602 3025 progr.
628 2948 734 3008 l-lV.
771 2946 805 3010 A.
828 2948 912 3010 Corn.
935 2948 1009 3007 Celsi
1030 2948 1116 3006 editio
1141 2967 1217 3006 nova
1237 2960 1355 3029 exopta-

230 3040 283 3091 tur.
327 3032 404 3110 Lips.
428 3028 520 3094 1821.
545 3027 636 3090 1822.
661 3027 691 3090 4.
736 3030 822 3111 (Cum
844 3036 951 3090 notitiis
975 3038 1009 3089 de
1030 3037 1110 3092 editt.
1132 3038 1223 3102 Celsi3
1256 3040 1355 3092 desunt

230 3114 297 3165 haec
315 3130 418 3182 progrr.
438 3111 465 3164 in
482 3113 616 3182 Opuscc.)

186 3183 262 3246 Lud.
288 3184 474 3243 Choulant
494 3186 662 3263 prodromos
684 3204 774 3243 novae
795 3185 924 3244 editionis
945 3181 1009 3242 Auli
1023 3183 1109 3246 Corn.
1125 3185 1200 3242 Celsi
1219 3184 1356 3247 librorum

229 3274 295 3328 octo
320 3271 357 3328 de
381 3270 526 3329 medicina.
571 3270 646 3327 lnest
665 3276 817 3348 apparatus
840 3270 925 3328 critici
938 3275 1079 3328 tentamen
1095 3269 1354 3347 bibliographicum.

227 3353 306 3432 Llps.
331 3349 423 3415 1824.
443 3349 473 3412 4.
518 3359 665 3424 (Codicum
679 3377 759 3427 mss,
782 3360 940 3426 editionum,
961 3359 1126 3427 versionum,
1141 3361 1306 3430 scriptorum
1320 3362 1354 3414 il-

229 3435 391 3489 lustrantiunr
411 3435 481 3489 Celsi
499 3436 640 3505 descriptio
659 3443 686 3489 et
703 3436 872 3505 dijudicati03
890 3437 925 3488 42
942 3438 1038 3506 pugg)

184 3508 231 3570 Jo.
252 3510 337 3587 Bapt.
365 3509 555 3585 Morgagni
582 3511 610 3568 in
638 3506 702 3568 Aul.
737 3511 823 3568 Corn.
851 3510 965 3569 Celsum
987 3516 1016 3568 et
1042 3509 1078 3578 Q.
1101 3510 1197 3572 Seren.
1221 3510 1352 3567 Samoni-

228 3614 289 3652 cum
322 3595 472 3672 epistolae,
505 3596 533 3652 in
566 3596 667 3670 quibus
693 3597 729 3653 de
756 3596 900 3669 utriusque
921 3597 1041 3654 auctoris
1066 3596 1146 3652 variis
1171 3594 1351 3667 editionibus,

227 3678 302 3735 libris
328 3699 442 3755 quoque
474 3680 667 3758 manuscriptis
698 3686 726 3737 et
757 3680 1023 3738 commentatoribus
1049 3681 1199 3737 disseritur.
1254 3679 1351 3739 Patav.

228 3757 319 3821 1721.
345 3759 374 3821 8.
417 3764 493 3840 Hag.
516 3765 596 3823 Com.
621 3758 712 3822 1724.
738 3757 767 3821 4.
812 3760 881 3821 Non.
904 3765 995 3822 titulo:
1016 3763 1187 3839 Lugd.Bat.
1211 3757 1301 3822 1735.
1319 3758 1349 3823 4.

226 3877 270 3889 —
295 3845 439 3922 Epistolae
460 3855 590 3926 qcmtnor,
615 3868 681 3926 pune
708 3848 819 3905 redeant
844 3851 872 3905 in
901 3847 971 3906 Celsi
1000 3849 1115 3904 editione
1136 3848 1232 3905 Patav.
1256 3841 1349 3911 1722.

228 3936 253 3986 et
274 3949 332 3987 cnm
350 3951 397 3989 sex
418 3933 482 3990 aliis
504 3934 719 4010 epistolt‘s.mper
740 3932 831 3989 eadem
850 3951 880 3988 re
900 3935 930 3989 in
952 3932 1027 3989 editt.
1046 3930 1116 3989 Celsi
1140 3926 1348 3994 paraclito.

224 4009 255 4077 8.
293 4015 391 4074 Venet.
415 4012 507 4076 1763.
530 4013 559 4076 8.
588 4015 683 4093 Lugd.
705 4017 769 4074 Bat.
795 4011 887 4077 1785.
913 4010 942 4073 4.
971 4020 1088 4091 Argent.
1112 4011 1204 4074 1806.
1228 4011 1259 4078 8.
1282 4019 1351 4074 sind

224 4102 255 4158 in
276 4098 426 4176 Morgagni
448 4122 559 4179 opuscc.
582 4101 729 4161 miscellan.
765 4100 863 4159 Venet.
887 4095 977 4159 1763.
1000 4102 1030 4174 1.,
1057 4098 1180 4180 Neapoli
1202 4095 1294 4160 1763.
1319 4097 1350 4164 4.

227 4180 336 4247 (Omnes
355 4183 405 4236 hee
422 4182 549 4253 epistolae
567 4190 639 4236 recte
656 4181 742 4250 magni
761 4182 949 4248 aestimantur.)

182 4271 247 4330 Car.
270 4272 336 4330 Chr.
362 4271 502 4330 Krause
523 4290 618 4350 progr.
647 4290 704 4348 quo
725 4268 759 4329 A.
783 4272 815 4330 C.
832 4272 907 4332 Celsi
933 4273 970 4332 de
990 4289 1021 4331 re
1042 4272 1151 4330 medica
1172 4270 1257 4329 libros
1279 4290 1350 4348 qna-

224 4361 289 4414 tuor
313 4358 484 4434 posteriores
507 4356 646 4417 emendat.
689 4355 769 4434 Lips.
792 4352 882 4417 1762
904 4353 936 4420 4.

166 4437 264 4506 ,Mart
286 4442 472 4502 Jacobsen
493 4441 560 4503 diss.
575 4441 613 4499 de
633 4441 750 4518 antiquo
769 4443 924 4504 medicinae
945 4441 1081 4502 divisione
1102 4442 1129 4500 in
1152 4437 1352 4521 διαιτητικὴν,
