2888 4958
184 301 246 367 118
570 302 711 367 Medicina
734 304 764 364 in
790 302 966 380 theologicis.
990 359 993 365 ,
1018 355 1020 359 .

225 455 368 532 Firmiaui,
393 455 441 534 qni
462 455 508 518 De
529 457 642 536 opificio
663 457 718 518 Dei
741 457 908 517 inscribitur.
937 452 1056 515 Accedit
1074 453 1259 534 Hippocratis
1278 454 1359 515 libe-

225 543 269 602 ius
280 544 318 601 de
331 544 467 618 genitura.
479 541 628 619 Argentor.
647 543 791 615 (Francos.
800 544 839 600 ad
850 537 900 624 V.)
914 536 1006 600 1542.
1017 535 1047 600 8.
1063 546 1108 610 (L.
1116 545 1357 614 †postouu.325.)

184 625 249 688 Nic.
274 625 448 702 hagaard
472 633 557 706 (resp.
580 628 652 686 Petr.
668 627 765 700 Holm)
789 629 855 686 diss.
878 629 915 685 de
934 645 987 684 usu
1013 625 1166 702 syllogismi
1187 626 1215 684 in
1244 625 1359 684 theolo-

227 712 274 787 gia
298 719 327 770 et
348 713 385 770 de
406 712 473 770 nido
494 712 641 771 Phoenicis
674 731 709 771 ex
735 713 855 772 carmine
883 710 1031 770 Lactantii.
1085 710 1178 768 Havn.
1207 705 1301 769 1647.
1326 706 1358 769 4.

185 795 261 893 Ceo..
286 795 371 874 Casp.
402 795 630 874 Kirchmajer
666 798 755 877 (resp.
780 796 856 857 Petu.
884 794 1020 877 Oheimb)
1052 795 1124 875 disp.
1147 796 1185 854 de
1206 792 1359 858 Phoenice.

185 876 653 1063 Cadgieliihhhisoiidhderstad
684 968 769 1044 (resp.
791 962 857 1022 Chr.
883 961 1006 1042 Haenei)
1042 963 1114 1042 disp.
1145 961 1182 1021 de
1208 960 1359 1022 Phoenice.

185 1047 257 1233 18Ῑῖ
252 1044 422 1197 01111010
430 1045 504 1192 fier
529 1129 618 1213 (resp.
641 1131 732 1214 Chph.
756 1131 880 1212 Goriov)
902 1132 970 1192 diss.
993 1133 1031 1192 de
1055 1130 1195 1191 Phoenice
1209 1148 1272 1190 ave.
1298 1129 1359 1191 Be·

186 1234 276 1360 F'rigd.⁰
278 1213 504 1361 8161731101
526 1298 614 1381 (resp.
636 1301 710 1362 Dan.
735 1299 838 1380 Hintz)
865 1300 934 1363 diss.
957 1299 979 1364 l.
1001 1301 1039 1359 de
1063 1299 1203 1358 Phoenice
1216 1317 1270 1359 ave
1284 1297 1361 1359 fieti-

228 1388 275 1448 tia.
300 1387 429 1463 Regiom.
453 1382 544 1446 1696.
565 1382 596 1446 4.

187 1470 251 1529 Car.
273 1470 352 1536 Frid.
374 1473 596 1531 Meuuauder
623 1471 712 1549 (resp.
734 1468 794 1526 Jac.
820 1467 942 1547 Zideen)
972 1468 1039 1526 diss.
1068 1467 1106 1526 de
1133 1466 1274 1528 Phoenice
1296 1486 1359 1530 ave.

227 1553 328 1615 Abone
349 1552 441 1616 1748.
462 1552 492 1618 4.
516 1561 590 1627 (Cfr.
616 1558 770 1612 Jo.Rcinh.
786 1558 940 1611 Forster
955 1556 1081 1627 zooiogia
1101 1557 1195 1610 Indica
1212 1557 1263 1610 sel.
1292 1557 1359 1611 nul.

231 1636 306 1691 1781.
329 1638 350 1691 f.
368 1656 393 1707 p.
412 1636 447 1690 26
464 1654 504 1705 sq.
522 1637 607 1689 Lond.
625 1633 700 1689 1790.
719 1633 744 1690 4.
764 1651 789 1704 p.
812 1634 846 1688 13
864 1639 917 1704 sq.)
1108 1675 1111 1681 .

186 1707 304 1772 Gustav.
326 1709 403 1772 Frid.
429 1710 593 1784 Wiggers
615 1709 652 1766 de
673 1707 813 1784 Gregorio
839 1708 946 1782 Magno
967 1706 1083 1782 eiusque
1109 1705 1218 1785 placitis
1242 1705 1361 1766 anthro-

228 1793 365 1872 poiogicis
379 1794 576 1851 commentatio
596 1790 666 1853 1.11.
688 1790 824 1853 Rostoch.
838 1785 1032 1853 1838.1839.
1050 1785 1140 1849 1840.
1152 1786 1181 1849 4.
1211 1803 1360 1874 (Theologi

230 1872 346 1926 auctoris
364 1891 428 1944 opus
446 1872 833 1944 psychoiogico-theologicum3
853 1873 966 1940 Gregor.
983 1871 1022 1928 M.
1041 1870 1193 1942 sapesso,
1211 1874 1231 1930 †
1247 1871 1323 1942 604.)

186 1944 231 2003 Jo.
255 1945 362 2008 Gottsr.
390 1947 554 2005 Geissler
583 1947 620 2003 de
640 1944 732 2003 Photii
763 1944 941 2004 Patriarchae
970 1943 1275 2025 constantinopolitani
1303 1946 1360 2007 sci-

228 2029 303 2088 entia
324 2032 439 2089 medica.
481 2025 1018 2109 [sps.1746.4.(1>u.†0u‹2oesa)
1313 2023 1317 2045 ¹

185 2113 231 2178 Jo.
255 2115 331 2178 Toh.
360 2115 499 2175 Koeler
528 2115 717 2192 volistiiudige
746 2112 900 2173 Nachricht
927 2132 983 2172 von
1019 2113 1106 2172 Pabst
1136 2111 1249 2173 Johann
1278 2113 1360 2190 xxi,

227 2199 347 2258 weicher
369 2207 451 2258 unter
473 2203 538 2258 dem
563 2198 676 2258 Numen
697 2198 795 2257 Petrus
817 2199 962 2276 Hispanus
982 2197 1022 2256 als
1044 2199 1089 2256 ein
1114 2196 1185 2256 Arzt
1206 2219 1235 2259 u.
1265 2200 1359 2260 Welt·

229 2285 326 2342 weiser
346 2284 476 2342 beriihmt
496 2285 540 2341 ist.
585 2283 716 2358 Gotting.
745 2277 836 2344 1760.
858 2280 888 2345 4.
911 2288 1002 2356 (Papa
1017 2286 1094 2355 1176,
1110 2289 1129 2354 †
1146 2286 1236 2355 1277.)

186 2366 259 2426 Geo.
295 2367 529 2443 Dethardiug
560 2367 595 2425 11.
622 2368 711 2425 oratio
744 2367 891 2426 saecularis
928 2369 966 2427 de
991 2369 1096 2427 meritis
1124 2366 1241 2427 Lutheri
1261 2368 1292 2429 in
1312 2389 1360 2430 ar-

228 2455 285 2508 tem
306 2453 450 2514 medicam.
492 2451 640 2509 Bostochii
667 2446 758 2512 1717.
778 2447 808 2510 4.

185 2535 268 2594 Mich.
291 2533 434 2594 hiberti
465 2534 552 2614 (resp.
575 2535 674 2595 Eman.
697 2537 734 2594 H.
759 2533 918 2612 Garmanu)
949 2536 1016 2594 diss.
1040 2537 1078 2594 de
1098 2536 1233 2608 sanitate,
1254 2537 1361 2597 morbis

227 2627 256 2679 et
276 2626 368 2679 morte
387 2621 427 2679 M.
453 2619 579 2681 Lutheri.
606 2621 672 2683 Hal.
696 2615 788 2681 1750.
809 2617 840 2682 4.
868 2625 948 2692 (Nat.
963 2625 1039 2692 1183,
1054 2632 1133 2678 mort.
1150 2625 1241 2692 1546.)

185 2704 275 2763 Gottl.
303 2703 370 2767 chr.
402 2707 435 2764 F.
466 2706 635 2765 Mohuike
676 2705 727 2764 Dr.
757 2704 861 2764 Martin
892 2702 1002 2764 Luther
1029 2706 1088 2765 und
1114 2705 1223 2785 Phiiipp
1248 2705 1360 2765 Melan-

227 2791 331 2850 chthon
354 2791 423 2850 iiber
444 2792 500 2850 den
522 2790 592 2856 Arzt
613 2793 672 2849 und
694 2789 884 2851 seineKuust.
919 2784 1360 2862 Stralsund1823.8.(Utrius-

227 2889 279 2941 que
295 2871 347 2926 viri
363 2870 435 2928 dicta
450 2881 478 2928 ct
495 2872 595 2942 judicia
611 2873 645 2926 de
661 2871 804 2938 medicina3
831 2869 991 2928 Melanchth.
1008 2878 1063 2930 nat.
1081 2870 1158 2938 1407,
1174 2877 1252 2927 mort.
1270 2871 1360 2942 1560.)

274 3111 373 3229 Χ.
421 3090 874 3234 'Medicina
909 3114 1268 3258 manaen.

542 3353 593 3418 a.
653 3337 997 3422 Generatim.

182 3502 290 3565 Dieter.
318 3506 541 3567 Tiedemanu
567 3510 639 3588 disp.
667 3512 704 3569 de
728 3509 908 3586 quaestione,
951 3529 1025 3587 quae
1053 3493 1139 3569 fuerit
1165 3510 1268 3568 artium
1296 3528 1358 3568 ma·

226 3591 350 3666 gicarunr
370 3592 461 3668 origo,
483 3597 628 3669 quomodo
652 3594 715 3653 iilae
739 3594 776 3652 ab
797 3592 882 3652 Asiae
911 3595 1023 3674 populis
1052 3596 1091 3652 ad
1115 3595 1240 3653 Graecos
1269 3601 1358 3670 atque

223 3673 369 3734 Romanos
398 3682 427 3734 et
447 3679 484 3736 ab
508 3680 551 3737 his
575 3680 613 3737 ad
640 3685 746 3737 ceteras
768 3684 867 3754 gentes
893 3680 948 3737 sint
970 3684 1163 3758 propagatae,
1197 3677 1359 3754 quibusque

225 3760 380 3818 rationibus
404 3763 519 3821 adducti
543 3765 644 3822 suerint
670 3765 689 3821 ii
716 3763 764 3839 qui
786 3765 823 3821 ad
855 3771 953 3822 nostra
979 3783 1068 3839 usque
1092 3773 1219 3843 tempora
1240 3763 1358 3822 easdem

225 3843 269 3899 vel
295 3845 479 3904 defenderent
502 3848 546 3906 vei
568 3853 776 3926 oppugnarent.
818 3847 964 3924 Morburg.
991 3843 1083 3909 1787.
1108 3844 1139 3908 4.
1165 3852 1257 3922 (Disp.
1275 3869 1358 3923 prac-

227 3921 278 3975 mio
297 3932 390 3978 oruata
408 3942 423 3977 a
441 3927 570 3981 societate
592 3928 759 3981 scientiarum
777 3927 852 3995 regia
871 3930 1064 3999 Gottiugcusi.)
1118 3940 1122 3949 '

184 3996 258 4056 Gco.
287 3996 373 4056 Cour.
399 3998 515 4057 Horst
539 4000 774 4076 Dimonomagie,
800 4001 869 4058 oder
891 4003 1060 4061 Geschichte
1081 4005 1132 4062 des
1155 4000 1303 4059 Glauhens
1320 4019 1356 4058 an

225 4081 364 4141 Zauherei
385 4084 444 4141 und
470 4085 651 4145 dimouische
671 4086 806 4158 Wunder,
828 4087 879 4146 mit
895 4087 1066 4146 besonderer
1084 4085 1357 4161 Berichsichtigung

227 4167 278 4224 des
297 4167 542 4245 Hexenprocesses
567 4171 594 4227 iu
615 4169 807 4228 Deutschiand
826 4172 879 4229 seit
895 4173 950 4230 deu
966 4172 1066 4230 Zeiten
1083 4171 1263 4230 Innocentius
1280 4170 1355 4230 Vlii.

225 4250 318 4311 Nebst
342 4253 418 4312 einer
444 4255 663 4330 ausfiihriichen,
700 4254 769 4313 uach
797 4255 1059 4332 inquisitiousacten
1089 4257 1281 4315 bearbeiteten
1303 4255 1357 4313 Be

226 4337 393 4413 schreibuug
415 4341 465 4397 des
490 4339 699 4398 Hexeuthurms
723 4359 759 4397 zu
783 4337 932 4400 Liudheim
953 4342 982 4400 iu
1004 4343 1054 4400 der
1073 4332 1229 4403 Wetterau.
1251 4335 1357 4401 2Bde.

215 4439 261 4492 ¹na.
284 4417 305 4480 3
327 4421 398 4501 Kpf.
422 4423 577 4483 Pranhiuri
590 4444 616 4489 a.
631 4422 670 4483 M.
694 4418 788 4491 1818.
812 4419 843 4486 8.
879 4431 1033 4504 (Theologi
1059 4448 1127 4505 opus
1157 4429 1236 4484 nimis
1257 4430 1357 4484 vorbo-
