2888 4958
181 319 204 383 4
521 318 646 380 ffistoria
669 317 822 378 medicinae
847 314 1017 376 universalis.

226 470 270 525 hie
288 470 314 524 in
333 434 447 523 Arahnm
460 467 588 522 medicina
611 467 743 521 haesitans
766 483 832 536 opus
854 483 905 519 non
929 464 965 518 ad
987 463 1064 515 finem
1081 461 1213 544 perduxit.
1249 461 1352 518 Similia

226 541 276 593 sihi
293 545 482 609 proposuerant
498 536 643 602 Reinesius‚
662 535 777 600 Welsch,
795 535 887 603 Aegid.
906 533 1027 600 Mousge,
1047 531 1112 586 Phrl.
1130 531 1222 584 Labbd
1240 531 1310 599 alii.)

182 613 309 675 Edward
333 611 500 669 Milward
522 610 635 669 circuiet
656 610 737 667 letter
760 609 884 682 desiring
906 607 1058 664 assistance
1080 605 1108 661 in
1137 605 1288 682 compiling
1314 624 1353 663 an

225 699 332 773 history
353 696 387 752 of
403 695 525 773 physick.
559 693 652 752 Lond.
676 688 766 753 1740.
793 688 822 750 8.
850 696 989 763 (Historia
1004 695 1064 763 ipsa
1074 711 1206 763 nunquam
1219 693 1350 763 prodiit.)

184 781 288 845 Anton,
304 782 435 838 German.
462 782 503 837 de
524 777 591 837 Alb
602 779 696 838 ertiz
721 778 892 855 prodromus
906 776 1073 834 recensionis
1095 776 1204 833 criticae
1218 775 1352 833 historiae

224 867 364 936 medicae,
397 884 459 922 eum
492 864 777 922 animadversionibus
805 862 966 919 anatomicis
997 866 1025 917 et
1055 860 1192 937 practicis.
1247 860 1350 918 Vienn.

224 949 318 1012 Auslr.
342 943 434 1007 1765·
458 943 486 1006 8·
531 960 617 1030 (Opus
635 961 726 1028 majus,
745 959 786 1012 cui
805 958 956 1027 prodromos
974 974 1031 1009 esse
1049 957 1161 1009 debebat
1178 955 1221 1008 hic
1238 955 1350 1020 libellus,

226 1047 355 1099 nunquam
374 1029 457 1081 lucem
475 1029 557 1092 vidit3
574 1029 662 1098 aliqua
679 1031 707 1081 in
724 1029 774 1082 hoe
792 1026 1047 1096 dijudicanturcirca
1057 1025 1209 1078 medicinam
1221 1024 1349 1079 vetustis-

224 1101 314 1156 simam
332 1105 393 1151 ante
409 1098 503 1168 Hipp.)

391 1232 460 1330 O.
515 1233 738 1354 opera
774 1234 1140 1356 generalia.

182 1389 248 1451 Joh.
270 1389 432 1448 Bozerus
454 1392 562 1447 o'armen
585 1391 622 1448 dc
647 1389 755 1464 origine
777 1395 805 1448 et
826 1408 976 1467 progressu
998 1389 1065 1446 artis
1090 1387 1222 1446 medicae.
1269 1383 1351 1443 Vite-

226 1476 304 1550 berg.
327 1469 444 1551 11557.)
470 1469 561 1533 1577.
588 1471 616 1533 4.
662 1479 791 1544 (Carmen
813 1477 1096 1546 congratulatorium.)

184 1559 258 1619 Guil.
286 1558 509 1616 Gratarolus
546 1559 583 1616 dc
617 1559 748 1616 laudibus
784 1560 937 1617 medicinae
966 1563 995 1617 et
1016 1559 1057 1616 rei
1077 1555 1248 1634 plantasiae,
1288 1553 1350 1628 ejus

225 1645 343 1718 origine,
364 1662 516 1721 progressu
540 1648 593 1706 etc.
636 1639 755 1718 Argent.
778 1639 869 1702 1563.
896 1638 927 1705 8.

183 1729 228 1787 Jo.
249 1728 370 1804 Philipp.
392 1728 581 1786 Pratcnsis
604 1728 640 1785 de
656 1733 732 1800 ortu,
757 1746 919 1804 progressu,
941 1726 1074 1801 subjectis
1090 1731 1118 1784 et
1133 1725 1260 1804 partibus
1281 1722 1350 1781 artis

225 1813 357 1873 medicae.
400 1812 487 1875 Hafn.
507 1806 598 1874 1572.
623 1807 653 1870 8.

183 1896 228 1959 Jo.
254 1896 444 1954 Jessenius
465 1915 483 1954 a
503 1894 634 1954 Jessen
668 1895 843 1975 (Jessensk)
876 1914 973 1973 progr.
1002 1895 1038 1951 de
1059 1894 1213 1952 medicinae
1234 1897 1297 1950 ortu
1319 1897 1350 1949 et

224 1999 377 2058 progressu
398 2000 451 2038 nee
477 2000 534 2039 non
560 1980 640 2038 elaris
665 1982 788 2039 medicis.
831 1979 925 2041 Viteb.
946 1973 1038 2040 1660.
1059 1973 1089 2036 4.

181 2065 265 2125 mich.
291 2065 433 2140 Diiring
466 2067 503 2124 de
533 2066 671 2124 medicina
707 2072 736 2123 et
766 2066 880 2124 medicis
912 2066 1046 2123 adversus
1076 2061 1286 2138 jatromastigas
1319 2062 1350 2116 et

223 2150 430 2229 pseud-istros
455 2152 475 2212 l.
494 2149 532 2207 ll.
574 2150 607 2208 ln
629 2150 730 2224 quibus
744 2170 802 2207 non
812 2146 910 2206 'solum
925 2149 1077 2224 generatim
1092 2148 1245 2206 medicinae
1256 2143 1348 2218 origo,

223 2253 404 2312 progressus,
425 2234 548 2309 dignitas
572 2240 626 2291 etc.
648 2233 789 2304 asseritur,
810 2234 860 2291 sed
883 2235 966 2291 etiam
988 2233 1175 2310 particulatim
1196 2237 1254 2289 tam
1275 2229 1350 2306 Hip-

224 2319 384 2396 pocraticae
404 2322 433 2375 et
455 2317 604 2374 Galenicae
625 2318 811 2394 praestantia,
834 2337 918 2392 quam
945 2319 1106 2397 empiricae,
1128 2317 1269 2393 magicae,
1290 2331 1351 2371 me-

222 2402 354 2460 thodicae
386 2406 415 2459 et
449 2400 638 2460 Paracelsicae
670 2419 736 2459 usus
769 2407 855 2478 atque
889 2405 993 2461 abusus
1028 2402 1174 2461 excutitur.
1232 2399 1350 2459 Giessae

223 2487 342 2547 Hassor.
368 2480 459 2545 1611.
484 2481 514 2544 8.

181 2571 227 2633 10.
249 2568 420 2629 Neander
441 2571 648 2646 antiquissimae
671 2576 700 2629 et
731 2571 918 2630 nobilissimae
949 2570 1102 2628 medicinae
1126 2569 1268 2641 natalitia,
1303 2586 1349 2625 se-

104 2708 114 2721 ,
224 2661 286 2714 ctae
307 2650 458 2731 earumque
479 2655 591 2734 placita,
619 2662 679 2714 tum
702 2655 761 2731 ejus
783 2661 958 2731 catacrypses
981 2673 1014 2711 ac
1036 2655 1238 2711 instauratores
1260 2652 1349 2710 etad

222 2741 291 2799 haec
316 2746 413 2799 nostra
434 2760 524 2817 usque
546 2747 674 2818 tempora
695 2748 900 2818 propagatores
921 2759 983 2796 cum
1009 2738 1130 2796 historiis
1155 2755 1261 2809 eorum,
1283 2735 1348 2792 vitis

222 2844 256 2882 ae
277 2826 393 2904 seriptis.
448 2821 681 2884 Bremae1623.
707 2821 737 2883 4.
781 2837 879 2903 (Rarus
891 2836 998 2889 sednon
1018 2836 1153 2889 admodum
1170 2836 1255 2888 bonae
1268 2841 1349 2887 notae

223 2906 297 2972 liber,
316 2924 373 2959 cum
390 2905 465 2959 nimis
482 2907 561 2959 multa
579 2905 718 2975 peregrina
737 2911 764 2958 et
781 2905 952 2975 particularia
969 2906 1120 2971 contineat.)

179 2977 280 3039 Daniel
300 2978 467 3037 Beckher
492 2979 581 3037 oratio
608 2978 644 3034 de
670 2977 825 3034 medicinae
845 2996 1006 3055 progressu.
1049 2978 1146 3036 Patav.
1170 2970 1262 3035 1646.

180 3062 340 3120 Godosred.
366 3061 528 3120 Moebius
555 3064 620 3120 diss.
645 3061 680 3117 dc
710 3061 863 3118 medicinae
891 3061 1036 3138 natalitiis,
1067 3060 1231 3119 definitione
1252 3064 1281 3118 et
1303 3060 1347 3116 di-

222 3145 336 3203 visione.
379 3144 442 3203 Jen.
465 3141 557 3205 1651.
586 3139 618 3205 4.
665 3155 745 3220 (Vide
763 3157 867 3208 brevem
886 3173 990 3227 quoque
1008 3158 1150 3211 medicinae
1168 3156 1302 3210 historiam
1319 3157 1345 3209 in

223 3225 342 3293 Ejusd.
375 3226 561 3280 Fundamenta
578 3225 725 3278 medicinae
742 3227 936 3296 physiologica.
970 3226 1028 3282 Jen.
1047 3226 1123 3280 1657.
1145 3227 1182 3294 4.)

178 3299 294 3358 lverard
315 3298 563 3376 Maynwaring
584 3299 709 3356 medicus
735 3299 880 3356 absolutus
906 3304 960 3360 etc.
983 3300 1032 3358 the
1056 3301 1110 3357 risc
1131 3300 1188 3357 and
1214 3316 1347 3376 progress

222 3385 257 3454 of
273 3383 390 3461 physick
410 3384 595 3462 historically‚
628 3383 863 3461 chronologically
887 3385 944 3442 and
968 3384 1197 3463 physiologically
1226 3383 1347 3442 illustra-

221 3469 279 3528 ted.
322 3464 590 3532 [01116688.

179 3551 368 3612 Lionardo
390 3554 425 3611 di
447 3553 572 3632 Capoa
596 3571 694 3630 parere
715 3554 833 3613 divinato
855 3555 883 3613 in
901 3559 963 3613 otto
981 3554 1193 3631 regionamenti,
1214 3553 1258 3612 ne'
1270 3552 1347 3629 quali

222 3641 419 3717 partitamente
443 3640 610 3698 narrandosi
629 3639 757 3713 l'origine
777 3659 794 3697 e
813 3632 832 3696 'l
857 3659 1006 3718 progresso
1039 3639 1113 3696 della
1145 3638 1298 3713 medicina,
1330 3656 1348 3697 e

223 3724 408 3783 chiaramente
418 3725 436 3782 l’
447 3725 603 3783 incertezza
614 3724 686 3780 della
697 3724 848 3782 medesima
865 3726 889 3781 si
905 3726 935 3783 fa
951 3725 1107 3781 manifesta.
1133 3721 1238 3801 Napoli
1255 3717 1347 3781 1681.

223 3801 456 3882 4.,11).1689.4.,
468 3811 503 3867 ib.
518 3804 608 3867 1695.
616 3803 647 3867 4.
658 3807 747 3879 (terna
757 3807 951 3887 impressione)
961 3829 969 3880 3
980 3807 1110 3883 Cologna
1118 3804 1247 3886 [Napoli]
1255 3802 1347 3867 1714.

223 3885 253 3948 8.
280 3885 396 3948 avon.
423 3927 466 3938 —
492 3895 577 3970 Angl.
603 3892 808 3951 Uncertainties
837 3895 871 3950 ο1
887 3894 937 3950 the
961 3898 1004 3951 art
1031 3894 1064 3950 of
1085 3892 1208 3970 physick.
1252 3890 1347 3952 Lond.

225 3968 317 4033 1684·
343 3970 372 4033 8·
417 3989 534 4056 (Contra
551 3990 619 4043 hunc
636 3989 663 4042 in
686 3988 800 4042 medicos
823 3987 986 4058 dogmaticos
1007 3989 1133 4058 impetum
1156 3989 1262 4059 scripsit
1283 3988 1345 4047 JCt

224 4053 417 4125 Neapolitanus
434 4059 561 4115 Dominio,
579 4057 750 4112 Aulisius:
770 4059 989 4113 considerassent
1004 4076 1085 4127 somn
1101 4061 1112 4112 i
1128 4062 1221 4129 pareri
1239 4060 1280 4111 del
1291 4058 1346 4110 Cn-

222 4141 286 4193 pou‚
304 4143 453 4195 quaerero
471 4129 541 4198 typis
559 4144 689 4195 nunquam
706 4129 921 4196 excudebantur.)

181 4190 326 4256 Hermann
348 4199 515 4278 Conring
550 4203 578 4258 in
610 4202 764 4260 universam
796 4210 884 4262 artem
919 4202 1053 4259 medicam
1083 4198 1263 4276 singulasque
1286 4198 1347 4274 ejus

223 4289 319 4358 partes
348 4283 527 4344 introductio.
577 4284 763 4344 Accesserant
790 4287 835 4346 Jo.
859 4287 963 4347 Rhodii
996 4287 1168 4360 aliorumque
1199 4284 1347 4342 consimilis

223 4367 382 4440 argumenti
403 4369 658 4429 commentationes.
712 4371 787 4430 Cura
815 4373 921 4432 Gunth.
951 4370 1043 4447 Chph.
1066 4368 1345 4430 Schelhammer.

223 4445 397 4514 Helmestad.
418 4449 511 4516 1687.
522 4449 552 4512 4.
574 4482 617 4495 -
639 4451 743 4512 Antea:
766 4449 1045 4516 [sermonumad
1062 4450 1094 4514 4.
1138 4464 1348 4535 (Methodologia
