2888 4958
179 276 241 341 136
618 275 744 340 Historia
764 277 905 340 naturalis.

221 432 306 492 schen
316 429 459 490 Literaiur
469 429 514 487 siu
524 429 688 503 Botauilrer,
709 430 927 506 Bibliothelrara
949 428 1147 489 Buchhiiudler
1161 431 1221 489 und
1235 427 1354 491 Auctio-

222 523 340 578 natoren
355 523 408 576 etc.
429 512 483 572 Mit
505 514 579 572 einer
600 514 682 573 Vorr.
704 535 761 574 von
782 514 818 579 L.
834 516 871 580 R.
887 513 982 576 Berol.
1005 508 1098 572 1829.
1109 509 1140 574 8.
1166 521 1270 587 (Deest
1285 521 1354 582 aeri-

224 597 283 651 beia
302 594 416 648 literaria
433 603 461 649 et
478 595 580 663 copia.)

180 670 221 732 M.
244 671 275 733 S.
297 668 439 744 Kriiger
470 666 674 746 bibliograpbia
705 667 845 725 butanica.
912 666 1072 725 Handbuob
1100 668 1150 725 der
1171 667 1355 728 botanischen

222 752 365 813 Literatur
385 753 413 809 iu
441 752 666 829 systematischer
694 750 851 828 ordnung,
879 753 962 810 nebst
988 751 1095 809 lurzen
1121 752 1357 831 biographischen

224 837 345 897 Notizeu
372 837 440 894 iiber
460 837 508 895 die
528 837 709 895 botaniscben
731 835 940 895 Schriftsteller.
985 835 1081 895 Berlin
1096 830 1187 899 1841.
1201 832 1231 897 8.
1254 842 1357 911 (Nimis

225 918 314 986 lugani
333 917 432 970 calamo
452 917 646 986 conscriptum.)

182 991 237 1052 Th.
261 991 297 1047 H.
321 990 358 1047 Ο.
382 990 592 1048 Burchardt
620 987 1021 1067 pomologische'Bibliothelr.
1074 988 1217 1068 Herausg.
1238 1007 1266 1054 v.
1291 988 1358 1050 Joh.

225 1074 366 1138 Biitter.
409 1073 528 1150 Coburg
558 1069 649 1134 1806.
674 1069 705 1133 8.

535 1240 561 1292 γ.
600 1226 793 1280 Auctum
810 1221 1001 1279 botuuini.

183 1327 261 1387 Paul.
277 1326 433 1403 Marqnart.
451 1327 624 1406 Schlegel
644 1347 739 1406 progr.
755 1328 792 1386 ad
812 1327 958 1386 hortenses
978 1327 1110 1386 lectiones
1127 1328 1163 1386 de
1181 1326 1360 1388 electioribus

225 1415 264 1472 rei
280 1412 424 1471 herbariae
435 1414 617 1491 scriptoribus
634 1414 778 1488 hortisque
797 1413 910 1469 medicis
928 1413 1094 1489 potioribus.
1119 1413 1209 1471 Jenae
1222 1408 1315 1476 1639.
1327 1409 1359 1473 4.

184 1497 248 1556 Car.
262 1495 444 1555 Linuaeus
460 1499 544 1575 (resp.
557 1496 707 1573 Augustin.
718 1495 796 1570 Loo)
812 1502 941 1555 auctores
954 1497 1085 1556 botanici.
1100 1496 1201 1575 Upsal.
1219 1491 1313 1557 1759.
1327 1495 1359 1562 4.

225 1581 312 1640 Redit
333 1585 363 1640 in
383 1579 504 1641 Amoeu.
526 1584 605 1640 acad.
628 1581 663 1644 V.
687 1601 715 1659 p.
737 1573 801 1639 273
821 1599 865 1656 sq.
888 1587 914 1638 et
934 1584 964 1639 in
985 1580 1124 1640 Fundam.
1149 1582 1210 1639 bot
1239 1584 1284 1640 ed.
1307 1582 1361 1640 Gi-

225 1666 308 1724 llberl
329 1665 350 1723 l·
376 1685 442 1742 pag·
467 1661 509 1724 85
531 1686 573 1741 sq·
602 1678 690 1744 (Ordo
708 1676 904 1747 alphabeticum
924 1662 1078 1732 exhibentur
1095 1677 1214 1745 uomina,
1231 1678 1293 1732 unni
1309 1697 1362 1733 na·

226 1745 304 1808 tales,
322 1762 427 1798 munera
445 1752 472 1798 et
490 1747 593 1814 potiore
610 1763 706 1815 opera;
725 1762 790 1814 opus
807 1746 841 1798 20
860 1755 951 1814 pagg.)

185 1819 258 1876 Geo.
282 1818 358 1878 llud.
380 1818 537 1877 Bbhmer
558 1821 645 1896 (resp.
667 1819 712 1876 Jo.
734 1819 812 1877 Frid.
834 1819 942 1877 Bened.
969 1816 1084 1894 Brevel)
1116 1819 1182 1878 diss.
1213 1820 1250 1878 de
1277 1820 1363 1898 plau-

227 1903 263 1959 tis
285 1902 313 1959 iu
335 1904 494 1959 memoriam
520 1903 656 1961 cultorum
679 1903 837 1961 nominatis.
871 1903 963 1961 Viteb.
984 1895 1075 1966 1770.
1097 1897 1128 1960 4.
1149 1937 1192 1948 -
1212 1903 1309 1968 Recus.
1330 1908 1363 1963 iu

226 1985 350 2061 Ludwig
372 1987 497 2044 delectus
522 1987 721 2065 opusculorum
741 1989 778 2044 ad
799 1988 894 2045 scient.
912 1993 1004 2044 natur.
1023 1987 1216 2066 spectantium.
1249 1989 1314 2047 Vol.
1338 1989 1361 2048 l.

226 2090 292 2149 pag.
321 2067 380 2130 191
405 2090 447 2147 sq.
470 2103 514 2116 -
534 2071 634 2130 Editio
656 2078 737 2130 aucta
767 2077 792 2129 et
818 2071 856 2128 ad
883 2074 1026 2129 novissim
1047 2077 1167 2148 ternpore
1187 2076 1362 2133 ernustum.-

119 2194 124 2206 .
228 2153 263 2212 Li
285 2174 308 2212 s.
332 2150 423 2215 1799.
445 2151 474 2214 8.

187 2177 400 2302 GuilpDuval
425 2240 461 2297 de
482 2238 584 2316 plantis
607 2239 835 2298 nomenclaturae
855 2240 1009 2298 sanctioris.
1043 2238 1129 2302 Paris.
1153 2234 1244 2299 1643.
1266 2236 1297 2304 4.

186 2321 296 2379 Erhard
318 2323 461 2380 Reusch
483 2342 578 2399 progr.
601 2324 637 2380 de
661 2324 798 2381 botanicis
821 2344 879 2383 non
900 2325 1024 2387 medicis.
1068 2312 1187 2386 flelm‘st.
1213 2318 1303 2388 1739.
1330 2320 1363 2390 4.

187 2405 261 2470 Geo.
294 2406 382 2463 Hem.
419 2406 537 2464 Goetz
568 2411 741 2483 κηποφιλος
766 2427 815 2467 seu
842 2410 879 2466 de
901 2409 1016 2466 eruditis
1037 2407 1182 2466 hortorum
1199 2410 1365 2485 cultoribus,

228 2509 283 2547 von
302 2489 444 2564 gelehrten
460 2490 611 2554 Girtuem.
629 2491 734 2550 Lubec.
753 2492 869 2570 etLips.
882 2486 973 2554 1727.
984 2489 1014 2553 4.
1034 2504 1201 2573 (Theologus
1213 2515 1307 2561 auctor
1315 2527 1365 2564 eos

230 2570 357 2634 eruditos,
384 2571 536 2640 praesertim
554 2571 691 2641 theologos
708 2584 841 2640 recenset,
869 2576 913 2642 qui
932 2581 1038 2642 praeter
1056 2590 1104 2626 sua
1121 2573 1211 2628 studia
1228 2575 1365 2632 hortorum

231 2640 358 2693 culturam
376 2648 537 2710 amaverant,
556 2657 647 2711 parum
665 2660 728 2711 ergo
747 2642 813 2696 lacit
831 2642 865 2697 nd
884 2643 976 2699 histor.
993 2643 1159 2709 naturalem.)

536 2795 564 2854 δ.
597 2798 797 2856 Dotamen
818 2800 1009 2856 ocinum·

187 2899 263 3043 Cupi·
280 2900 469 3045 Sppppggep
488 2903 669 2978 antiquitates
691 2903 846 2961 botanicae.
886 2905 969 2982 Sper.
997 2904 1020 2964 1.
1048 2904 1130 2963 Cum.
1155 2899 1277 2964 2tabb.
1296 2923 1364 2972 aen.

256 3004 306 3063 rps.
415 3029 421 3043 .
469 3033 476 3048 .

187 3068 233 3126 Jo.
254 3069 351 3126 Heinr.
378 3067 560 3126 Dierbarb
591 3068 637 3126 die
660 3069 822 3128 botanisebe
841 3071 1052 3148 Terminologie
1074 3072 1175 3131 ilterer
1202 3073 1302 3132 Zeiten
1325 3073 1366 3132 im

230 3148 372 3226 Auszuge·
416 3150 590 3226 Heidelberg
616 3146 707 3212 1824·
732 3150 761 3216 8.
791 3168 845 3234 (De
862 3167 1038 3238 descriptione
1063 3169 1209 3237 plantarum
1230 3170 1300 3239 apud
1311 3186 1365 3223 an-

231 3238 318 3283 ctores
334 3232 454 3284 Graecos
472 3239 500 3283 et
516 3231 647 3284 Romanos
665 3242 778 3301 veteres,
798 3236 831 3288 ds
847 3236 963 3290 terminis
981 3238 1111 3292 botauiois
1129 3238 1200 3308 apud
1226 3240 1365 3305 Catonem,

232 3300 384 3365 Varronem,
404 3298 581 3366 Columellam,
600 3301 709 3356 Plinium
728 3303 777 3371 al.)

188 3371 265 3431 Elias
285 3373 393 3430 Fries
416 3372 776 3452 botanislrt-antiq'uariske
799 3375 995 3435 Excursioner.
1021 3376 1093 3438 Deel
1113 3373 1230 3443 1—4.
1255 3379 1368 3458 Upsala

188 3541 290 3602 Melcb.
313 3543 561 3601 Guilaudiuus
587 3547 616 3602 et
638 3543 723 3602 Cour.
747 3543 887 3604 Gesner
912 3545 1048 3624 epistolae
1064 3545 1091 3604 ll
1113 3546 1151 3605 de
1167 3547 1296 3627 stirpium
1313 3547 1369 3606 ali-

232 3634 303 3704 quot
330 3628 488 3686 uominibus
515 3629 630 3687 vetustis
659 3648 693 3686 ac
719 3629 816 3703 novis,
853 3648 928 3704 quae
959 3630 1052 3689 multis
1081 3630 1140 3706 jam
1170 3631 1288 3691 saeculis
1319 3632 1368 3690 vel

230 3713 399 3788 ignorarunt
420 3713 530 3786 medici,
552 3713 597 3771 vel
623 3713 660 3771 de
684 3713 724 3770 eis
750 3713 923 3787 dubitarunt,
949 3720 981 3773 ut
1007 3725 1074 3774 sunt
1105 3715 1250 3790 Mamiras,
1272 3714 1368 3792 Moly‚

231 3797 399 3872 Oloconitis‚
425 3796 608 3873 Doronicum‚
632 3797 758 3855 Granum
779 3798 878 3858 alzeliu
911 3798 956 3857 vel
983 3800 1121 3859 habbaziz
1146 3806 1176 3859 et
1205 3799 1259 3858 alia
1287 3818 1371 3859 com-

230 3879 320 3958 plura.
362 3881 447 3939 Basil.
478 3876 568 3942 1557.
591 3876 621 3944 8.

188 3965 235 4029 Jo.
256 3962 345 4022 Andr.
368 3964 513 4042 Murray
539 3966 710 4025 enumeratio
732 3966 930 4025 vocabulorum
956 3968 1150 4045 quorundam,
1182 3968 1283 4045 quibus
1314 3986 1369 4027 au-

232 4049 303 4126 tiqui
320 4048 433 4126 liuguae
448 4049 552 4109 latinae
572 4056 702 4109 auctores
714 4050 746 4107 in
768 4070 799 4109 re
819 4052 946 4110 herbaria
965 4054 1006 4111 usi
1019 4059 1092 4110 sunt.
1120 4052 1217 4111 Holm.
1230 4047 1369 4115 175114.

190 4135 250 4193 Jac.
275 4135 418 4192 Zenoni
438 4135 535 4191 istoria
554 4135 694 4212 botanica‚
719 4135 792 4193 nella
813 4136 897 4211 qualo
919 4137 942 4193 si
963 4139 1128 4196 descrivono
1150 4136 1251 4196 alcuue
1271 4137 1369 4215 pionte

233 4218 311 4297 degli
340 4219 459 4296 antichi,
492 4220 529 4277 da
555 4220 683 4279 moderni
710 4239 763 4278 con
792 4220 855 4279 altri
883 4223 960 4281 nomi
987 4227 1123 4300 proposte
1153 4241 1169 4280 e
1197 4220 1276 4281 molt’
1296 4222 1370 4281 altre

233 4323 292 4363 uon
317 4304 366 4381 piis
387 4311 543 4362 osservate.
598 4304 730 4382 Bologua
758 4299 849 4365 1675.
875 4306 895 4363 f.
927 4339 970 4352 -
1003 4304 1107 4371 latim
1135 4312 1202 4366 vert.
1229 4306 1369 4385 cajetano

234 4387 358 4449 Menti.
397 4389 508 4448 Bonon.
535 4381 672 4453 lunc
751 4443 755 4449 .
986 4433 989 4440 ·
1231 4440 1238 4449 .
