2888 4958
557 286 769 352 Medicamenta.
1187 287 1250 351 199

75 436 129 494 Jo.
158 435 258 494 Heinr.
291 434 473 496 Dierbach
500 440 547 499 die
572 447 706 500 nenesten
738 440 961 517 Entdeclrungen
995 443 1022 500 in
1053 445 1103 502 der
1130 442 1248 503 Materia

126 521 242 580 medica.
286 521 346 578 Fiir
371 523 529 599 praktische
554 524 656 583 llerzte
681 529 827 601 geordnet.
852 523 872 584 2
893 527 1108 603 Abtheilungen.
1132 529 1248 587 Heidel-

127 607 198 681 berg
220 600 311 665 1827.
335 602 425 665 1828.
446 603 475 666 8.
492 642 535 653 -
551 609 651 668 Editio
664 612 751 669 ultera
766 612 864 674 emend.
884 618 909 669 et
926 616 1022 669 contin.
1033 614 1101 674 ibid.
1116 609 1205 674 1837.
1218 609 1247 674 8.

128 687 200 753 (cn.
220 701 325 754 quoque
343 689 464 741 Auctoris
482 689 672 758 diligentissimi
688 692 794 745 notitias
812 693 933 745 collectas
951 694 984 744 de
1001 693 1109 746 historia
1128 694 1249 762 pharma-

129 754 248 823 cologiae
265 765 291 807 et
307 757 470 825 pharmaciae
484 760 581 813 veteris
597 770 623 812 et
637 763 788 814 recentioris
796 762 823 813 in
834 764 933 833 Geigcr
951 764 1082 832 utlagaria
1091 767 1143 831 fair
1160 765 1248 816 Phar·

127 823 422 945 (000101824ςὲ1001,
443 828 493 880 Vll
511 847 560 897 sq,
579 831 605 882 10
624 831 746 882 Bucbner
772 833 913 898 Repertor.
933 835 983 897 fair
1006 832 1161 884 Phormocio
1181 831 1248 887 1829

127 913 165 963 sq.
182 896 235 946 ool.
254 892 314 975 .x.x
376 913 423 963 sq,
443 896 468 948 in
488 898 628 965 Hosetnnd
644 900 756 951 Journal
775 901 902 954 (11101110.
921 900 986 952 1831
996 919 1033 968 sq.
1051 903 1103 956 ool.
1122 900 1246 957 LXXIII.

125 981 164 1032 sq.
183 963 304 1046 etalrb13
323 963 403 1045 multa
420 965 497 1032 hujus
515 967 617 1034 generis
634 967 714 1021 habet
738 985 843 1040 quoque
869 969 951 1037 ejusd.
974 970 1101 1038 synopsis
1117 972 1248 1024 materiae

123 1034 248 1087 medrcoo.
284 1031 404 1088 Herdelb.
424 1034 491 1093 1841
506 1054 545 1105 sq.
563 1036 603 1101 8.)

348 1214 402 1285 0.
468 1189 981 1289 Medicamenta.

79 1377 147 1440 Chr.
181 1378 281 1456 Steph.
313 1378 475 1438 Schesfel
506 1400 602 1459 progr.
634 1381 671 1441 de
695 1383 804 1440 diversa
824 1382 903 1459 praxi
924 1382 1048 1453 medica,
1074 1401 1110 1440 ex
1136 1383 1246 1440 diverso

122 1464 224 1522 medici
257 1471 493 1541 temperamento,
528 1467 648 1542 hincque
681 1469 762 1526 variis
792 1469 930 1525 variorum
956 1468 1143 1525 remediorum
1171 1469 1246 1530 satis.

123 1547 331 1625 Gryphiswaldi
355 1544 444 1611 1748.
466 1545 496 1613 4.

78 1667 123 1674 -
134 1652 278 1711 —progr
291 1635 327 1690 de
339 1634 401 1691 fatis
413 1636 676 1702 medicamentorum
687 1636 887 1698 roborantium.
900 1634 1105 1713 Gryphiswaldi
1118 1630 1210 1699 1745.
1217 1631 1245 1694 4.

78 1751 123 1761 -
141 1752 179 1762 -
196 1738 295 1796 progr.
317 1719 439 1776 delatis
461 1722 724 1778 medicamentorum
750 1723 778 1778 10
801 1739 920 1796 genere,
944 1727 973 1779 et
996 1721 1024 1778 in
1045 1721 1137 1798 specie
1158 1723 1247 1778 vomi-

121 1805 268 1875 tortorum,
293 1806 481 1879 purgantium,
504 1804 692 1883 lapidosorum
714 1814 743 1864 et
764 1807 938 1879 martialium,
961 1826 995 1865 ex
1016 1808 1163 1884 supposita
1183 1807 1246 1864 illo-

121 1907 185 1946 rum
206 1888 234 1944 vi
256 1888 393 1948 absoluta.
431 1890 636 1966 Gryphiswaldi
661 1884 753 1950 1747.
778 1888 807 1948 4.

80 2007 122 2019 -
145 2005 190 2016 --
207 1973 273 2030 diss.
304 1975 341 2030 de
366 1974 430 2030 fatis
462 1977 726 2033 medicamentorum
748 1974 933 2051 chymicornm
955 1976 1071 2034 sinistris
1093 1997 1128 2035 ex
1149 1978 1247 2034 immo-

122 2058 192 2116 dicis
212 2058 320 2115 illorum
345 2057 481 2117 laudibus.
504 2060 525 2118 l.
548 2060 581 2117 ll.
616 2059 823 2138 Gryphisualdi
847 2054 937 2121 1753.
960 2055 989 2116 4.

80 2141 154 2204 Dan.
179 2142 265 2204 Wilh.
294 2143 431 2201 Triller
457 2145 617 2203 exercitatio
639 2147 676 2202 de
698 2144 845 2221 clysterum
871 2144 1052 2202 nutrientium
1079 2145 1247 2220 antiquitate

121 2239 151 2288 et
170 2247 232 2289 usu.
264 2223 469 2370 11110οὲ1750.
495 2225 525 2288 4.
551 2263 590 2274 -
611 2229 741 2288 Reditio
763 2229 862 2304 Ejusd.
885 2229 1006 2308 Opuscc.
1034 2228 1130 2287 Voll.
1153 2225 1246 2290 1766.

80 2334 183 2456 Aulion.
205 2396 372 2472 Deusing
392 2399 429 2456 de
446 2419 548 2456 manna
573 2406 601 2457 et
623 2399 761 2457 saccharo.
786 2393 1145 2474 Groning.1659.12.-
1162 2396 1248 2455 Redit

119 2487 151 2541 io
183 2483 290 2544 Fascio.
332 2483 461 2541 Disserii.
494 2484 562 2544 lbld.
597 2480 687 2543 1661).
724 2480 770 2541 12.
811 2496 982 2562 (saccharum
1000 2504 1116 2548 veterum
1134 2504 1161 2549 et
1177 2498 1246 2549 Arn-

121 2566 181 2616 bum
199 2574 227 2615 et
245 2565 341 2615 siccum
361 2572 388 2616 et
405 2565 526 2634 liquidum
545 2583 561 2617 a
579 2575 668 2617 nostro
687 2565 810 2630 differre3
830 2566 889 2617 vide
908 2581 987 2633 supra
1011 2579 1071 2634 pag.
1097 2565 1155 2631 108,
1174 2564 1245 2630 109.)

83 2638 182 2696 Claud.
205 2636 401 2694 Salmasius
431 2638 554 2711 (Claude
576 2640 734 2717 Saumaise)
764 2640 799 2694 de
831 2639 962 2695 saccharo
989 2645 1017 2695 et
1042 2656 1143 2695 manna
1169 2657 1245 2696 com-

121 2723 280 2783 mentarius,
324 2721 410 2782 Paris.
435 2718 524 2779 1663.
547 2718 576 2781 8.
613 2735 680 2799 (Cir.
707 2737 740 2786 de
764 2751 855 2786 manna
878 2734 1005 2802 quaedam
1035 2741 1143 2785 auctore
1166 2733 1245 2785 Dier-

123 2803 234 2856 bachin
254 2804 352 2873 Geiger
371 2805 502 2872 Mugozin
513 2808 538 2870 f.
559 2804 715 2855 Pharnacis
735 2803 809 2858 1826.
830 2803 905 2854 Febr.
921 2821 949 2870 p.
967 2801 1022 2870 97.)

79 2877 166 2936 hiare.
188 2875 304 2935 Stanisl.
331 2876 390 2933 Jos.
417 2876 587 2950 Liidgers
617 2877 683 2935 diss.
703 2878 796 2950 inaug.
822 2877 859 2932 de
887 2877 1088 2932 medicamento
1116 2875 1245 2932 novanti-

121 2981 177 3038 quo
208 2959 334 3018 Arabum
366 2961 520 3018 Tebaschir
546 2962 629 3019 dicto.
676 2961 805 3037 Gotting.
830 2955 920 3020 1791.
946 2955 976 3021 8.
1005 2964 1182 3031 (saccharum
1209 2982 1244 3016 ex

121 3041 255 3096 Arundine
272 3042 404 3108 Bambus.)

81 3116 163 3194 Casp,
184 3115 324 3173 Bauhin
347 3116 383 3172 de
409 3114 509 3191 lapidis
534 3114 637 3172 bezoar
666 3113 815 3173 Orientalis
843 3121 871 3172 et
900 3113 1087 3172 Occidentalis
1112 3115 1243 3172 couveni-

119 3201 194 3260 entia
220 3200 321 3257 cervini
350 3200 415 3257 item
444 3205 472 3255 et
500 3199 656 3257 Germanici
679 3208 759 3274 ortu,
785 3204 901 3271 natura,
934 3199 1096 3257 differentiis
1121 3220 1244 3274 veroque

119 3307 171 3344 usu
197 3304 231 3342 ex
253 3293 377 3341 veterum
399 3290 427 3342 et
440 3286 623 3343 recentiorum
643 3284 760 3362 placitis.
794 3284 880 3348 Basil.
898 3280 988 3345 1613.
1001 3281 1046 3358 8.;
1067 3286 1134 3346 ibid.
1151 3280 1242 3343 1625.

118 3366 238 3466 (1629.)
260 3364 289 3427 8.
315 3373 450 3443 (Copiosa
471 3375 596 3426 collectio
622 3383 651 3427 et
672 3375 707 3440 ad
730 3374 872 3427 historiam
892 3375 971 3442 hujus
985 3374 1166 3427 medicaminis
1188 3374 1243 3426 uti·

78 3452 459 3667 1οζ8ξ101ξὲ1ἑί1ιοξο0000
484 3523 629 3582 effectibus
652 3524 708 3602 opii
734 3522 861 3582 analecta
882 3523 1021 3581 historica.
1050 3522 1124 3579 Diss.
1146 3522 1240 3597 inaug.

147 3629 182 3670 a,
290 3652 296 3664 .
345 3651 352 3665 .

78 3693 143 3756 Em.
166 3693 267 3751 Horu
289 3693 354 3752 diss.
378 3693 414 3750 de
436 3693 493 3770 opii
514 3692 602 3749 abusu
627 3698 685 3750 tam
706 3698 833 3771 respectu
855 3691 955 3748 veteris
974 3708 1057 3765 quam
1075 3706 1165 3746 novae
1182 3707 1241 3748 010·

119 3781 244 3871 dicorum
267 3778 418 3834 doctrinae.
463 3768 553 3840 Viteb.
578 3772 669 3836 1804.
695 3774 724 3835 8.
765 3781 859 3849 (Circa
881 3779 938 3847 opii
960 3796 1034 3831 usum
1059 3778 1088 3830 in
1109 3778 1242 3832 medicina

78 3859 500 4007 Caffirogh‘llnbbnghannss
528 3932 565 3988 de
591 3932 657 4010 opio
683 3930 808 3989 analecta
835 3928 973 4004 quaedam
1003 3929 1149 4007 historica,
1175 3930 1241 3994 diss.

116 4019 211 4094 inaug.
255 4016 333 4095 Lips.
359 4010 450 4076 1815,
473 4010 501 4072 4.

79 4103 168 4181 cuph.
192 4101 281 4161 Andr.
305 4101 477 4158 Christen
507 4100 600 4177 opium
629 4099 773 4174 historice,
800 4097 921 4155 chemice
947 4102 976 4154 et
1003 4096 1243 4177 pharmacologicc

116 4189 323 4263 investigatum.
356 4185 431 4245 Diss.
452 4186 547 4260 inaug.
574 4185 660 4243 Pesth
683 4178 773 4243 1819.
798 4177 827 4241 8.
855 4215 899 4226 —-
927 4179 996 4240 Nou.
1018 4186 1062 4242 tit.
1092 4183 1243 4240 Commen-

116 4275 188 4332 tatio
215 4280 269 4331 etc.
291 4272 413 4330 Vindob.
437 4265 528 4327 1820.
549 4264 579 4327 8.

78 4358 140 4422 Car.
161 4360 221 4416 Jos.
244 4359 352 4418 Stehr
378 4358 414 4412 de
438 4355 550 4414 mutatis
574 4374 625 4434 per
651 4372 732 4413 usum
753 4352 861 4412 coruus
884 4351 1027 4432 peruriaui
1048 4353 1243 4431 systematibus

117 4444 242 4504 medicis.
284 4443 350 4502 Hal.
373 4435 513 4501 17994.
