2888 4958
614 308 853 387 Pharmacologia.
1256 307 1317 373 107

140 455 222 514 Ruri
236 453 389 534 Angustia.
414 457 528 535 Vogel
549 459 665 518 historia
692 465 824 521 materiae
851 465 976 522 medicae
1003 466 1040 522 ad
1068 467 1218 524 norissima
1244 472 1315 524 tem-

188 561 261 620 pora
293 544 442 621 producta.
469 543 563 620 Lugd.
578 546 611 606 B.
635 541 726 609 1758.
738 545 785 620 8.;
810 548 941 606 Francos.
959 556 987 607 et
1003 548 1080 627 Lips.
1100 545 1190 610 1760.
1202 546 1252 622 8.;
1278 551 1314 608 ib.

189 621 284 686 1774.
306 624 352 700 8.;
376 628 414 690 ib.
431 623 523 689 1784.
545 625 574 689 8.
611 643 682 710 (uon
706 654 777 697 recia
796 647 905 699 ustam
923 665 955 700 m.
978 665 1010 702 m.
1029 647 1134 712 arcitus,
1153 665 1210 700 cum
1228 648 1316 715 portu·

189 708 369 777 compendium
388 709 612 781 pbamracologiae
630 715 715 779 sistat,
733 715 840 784 antiqua
858 725 886 769 et
902 733 971 768 nora
990 726 1162 786 pertractans,
1181 717 1215 769 ad
1231 718 1314 769 bisto-

189 777 255 829 riam
272 779 351 830 multa
370 781 527 846 continens.)
582 822 584 827 .

142 847 254 908 Friedr.
283 851 391 909 Gtthilt'
407 853 556 928 Voigtel
587 853 791 932 vollstiindiges
806 830 924 932 'System
951 859 1001 916 der
1031 856 1312 934 Arzneymittellebre.

187 935 366 1012 Harausgeg.
390 957 416 996 v.
439 937 509 996 Karl
530 938 595 995 Gla.
617 939 729 997 Kilhn.
755 937 780 998 l.
796 942 849 1003 Bd.
870 940 967 1018 Leipz.
996 939 1086 1006 1816,
1109 942 1138 1002 8.
1158 952 1314 1018 (Historiam

190 1025 218 1068 et
234 1017 397 1070 literaturam
415 1019 642 1087 pharmacologiaa
659 1021 790 1089 copiosam
811 1023 890 1075 babet
901 1025 926 1076 in
940 1024 1129 1076 introductione
1147 1025 1227 1078 totius
1241 1022 1309 1085 libri3

191 1087 322 1154 copiosam
341 1105 449 1206 I(pinoque
471 1088 856 1172 historiam-pharmacolpgiae
879 1091 950 1144 sistit
974 1094 1058 1162 Cbpb.
1077 1094 1159 1176 ilenr.
1178 1093 1240 1177 [Jlrn.
1260 1091 1312 1143 Bi-

190 1155 813 1283 {titt..ititltl'¹⁰lz¹.·t.;..·t.t⁰¹lt5¹¹lt
828 1161 1313 1300 l⁰.tlfftl³.⁰‘itt¹ttil;t.lilt

190 1294 263 1345 band
278 1311 346 1365 pag.
361 1293 462 1362 7-393
479 1295 554 1347 Bonn
574 1295 649 1351 1825.
666 1297 708 1363 8,;
726 1298 788 1350 ibid.
812 1297 887 1352 1834.
905 1300 946 1363 8.)

144 1364 191 1421 Jo.
217 1365 325 1442 Traug.
348 1365 445 1425 Noth
467 1370 573 1445 optima
593 1371 796 1429 medicamenta
817 1370 940 1428 barbaris
970 1371 1064 1429 deberi
1091 1372 1228 1448 gentibus.
1262 1369 1312 1427 Vi-

188 1451 248 1512 lei).
271 1446 362 1510 1787·
384 1452 414 1511 4·
433 1465 573 1534 (Exempla
592 1474 652 1520 sunt
671 1469 742 1532 Aloe,
761 1467 832 1521 Bais.
850 1468 955 1536 Perua,
975 1469 1073 1536 China,
1094 1469 1229 1531 Columbo,
1248 1469 1312 1522 nio-

190 1548 235 1583 res
252 1532 364 1600 Eryngii
382 1534 460 1601 plani,
480 1535 595 1602 Guajalr,
612 1535 716 1606 lampa,
735 1537 926 1606 lpeoacuanba,
945 1539 1069 1605 Lobeiia,
1089 1539 1236 1602 Oleander,
1261 1539 1312 1590 Ni-

190 1601 305 1666 cotiana‚
323 1602 431 1654 Pareira
450 1606 540 1666 brana,
560 1606 684 1671 Quaene,
701 1606 810 1670 Rbeum‚
828 1606 901 1658 Rbus
920 1607 1047 1672 coriaria,
1073 1607 1226 1676 Sestianas,
1246 1609 1311 1662 Sar·

190 1670 324 1740 uparilla,
342 1671 454 1741 senegai,
473 1673 651 1743 serpentaria,
670 1676 817 1744 sanarum,
836 1676 954 1746 Spigelia
972 1676 1103 1744 anthelm.)

263 1829 324 1923 n.
382 1828 581 1925 Libri
616 1832 1195 1952 phurmmcolonict.

145 1981 214 2042 Era.
238 1982 360 2042 Godotr.
383 1984 587 2061 Baldinger
605 1984 750 2061 catalogus
773 1987 1007 2056 dissertationum,
1030 2006 1104 2061 quae
1125 1989 1312 2045 medicamen-

187 2073 281 2126 torum
318 2070 477 2138 historiam,
509 2071 567 2127 sata
593 2075 621 2126 et
653 2071 724 2126 vires
760 2079 911 2147 exponunt.
962 2071 1128 2146 Alteuburgi
1155 2065 1247 2133 1768.
1281 2067 1310 2129 4.
1375 2101 1378 2108 ’

187 2151 289 2210 Editio
311 2153 398 2211 alteru
420 2155 528 2212 madium
552 2159 646 2211 aucto:
677 2153 849 2213 Litteratura
873 2157 1001 2213 universa
1022 2157 1153 2214 materiae
1177 2156 1311 2226 medicae,
1347 2178 1348 2182 ¹

187 2238 385 2308 alimentariae,
406 2240 603 2315 toxicologiae,
624 2239 799 2316 pharmaciae
823 2247 851 2298 et
872 2241 1016 2319 therapiae
1043 2239 1196 2316 generalis,
1221 2240 1311 2300 medi-

186 2343 236 2382 cae
258 2330 344 2400 atque
366 2324 546 2399 chirurgicae,
568 2325 741 2401 potissimum
764 2327 929 2383 academica.
993 2326 1138 2402 Marburgi
1166 2319 1258 2385 1703.
1280 2321 1309 2388 8.

188 2405 285 2466 (Multa
307 2405 413 2473 collegit
431 2415 523 2458 auctor
540 2407 691 2474 praesertim
709 2409 780 2459 circa
799 2407 899 2476 scripta
918 2407 1025 2471 minora,
1044 2408 1118 2460 deest
1136 2409 1269 2459 accuratio
1284 2407 1310 2459 in

187 2473 272 2527 titulis
289 2474 434 2527 indicandis
450 2475 612 2540 necessaria3
632 2476 673 2528 ed.
694 2476 777 2528 altera
803 2477 882 2529 habet
904 2477 939 2529 20
961 2486 988 2530 et
1008 2476 1060 2530 360
1076 2494 1156 2548 pagg.
1175 2486 1203 2530 at
1220 2486 1309 2546 syste-

184 2543 304 2596 malicum
322 2544 440 2612 sequitur
458 2545 594 2610 ordinem.)

214 2722 268 2794 c.
326 2699 883 2818 Pnnrmnooronm
912 2698 1233 2795 ueterum.

144 2869 217 2928 Rud.
240 2870 314 2928 Gaii.
347 2870 487 2928 Krause
520 2891 614 2949 progr.
643 2871 679 2928 de
709 2871 856 2928 temerario
888 2870 1064 2945 quorundam
1096 2871 1257 2948 simplicium
1290 2887 1306 2926 a

184 2955 281 3033 priscis
302 2958 559 3014 commendatorum
585 2963 734 3017 contemtu.
777 2955 839 3017 Jen.
870 2951 962 3014 1700.
987 2948 1017 3015 ll.

144 3037 231 3098 Andr.
257 3042 303 3104 El.
332 3042 495 3099 Biichner
521 3042 608 3119 (resp,
630 3038 756 3118 Voigtel)
779 3042 845 3100 diss.
869 3043 905 3099 de
920 3039 1056 3098 obsoletis
1074 3040 1241 3117 quibusdam
1262 3059 1306 3097 re-

184 3128 282 3184 mediis
301 3128 483 3202 frequentiori
506 3146 557 3184 usu
578 3127 763 3183 restituendis.
806 3126 871 3183 Hal.
900 3121 989 3186 1752.
1012 3123 1042 3184 4.

142 3209 167 3268 1.
189 3211 216 3270 J.
245 3211 341 3269 Laos
366 3211 577 3288 systematische
601 3212 811 3286 Beschreibung
832 3213 882 3269 der
902 3230 999 3268 ausser
1020 3209 1169 3268 Gebrauch
1189 3210 1306 3286 gelrom-

182 3316 282 3354 menen
304 3297 504 3359 Arzneimiltel.
548 3296 713 3355 Darmstadt
736 3294 825 3354 1808.
841 3293 870 3355 8.
899 3302 1017 3385 (aaran,
1035 3300 1166 3353 historica
1187 3299 1306 3352 conscri-

182 3387 242 3447 ptus
260 3378 325 3430 liber
343 3378 494 3445 Murrayum
512 3379 653 3448 praecipue
669 3378 809 3447 sequitur.)

141 3447 183 3512 Jo.
219 3451 361 3508 Bouros
405 3452 526 3526 (Baras)
571 3454 637 3515 diss,
682 3453 777 3526 inaug.
810 3452 847 3507 dc
877 3447 1104 3527 pharmacologia
1131 3448 1303 3505 Graecorum

180 3545 304 3594 veterum
330 3537 356 3593 in
379 3556 490 3611 genere.
523 3537 587 3594 Hal.
609 3532 699 3596 1819.
720 3532 749 3599 8.
779 3550 889 3615 (Auctor
911 3547 937 3599 in
963 3545 1029 3598 caio
1052 3544 1136 3598 insula
1154 3552 1230 3597 natas
1248 3560 1302 3596 me-

181 3617 284 3670 dicinae
302 3618 402 3670 studuit
418 3617 552 3685 Tergesti‚
573 3618 742 3671 Vindobonae
760 3628 787 3670 et
805 3617 900 3681 Halis.)

139 3687 180 3747 Jo.
208 3691 311 3748 Franc.
339 3691 432 3747 Rota
463 3692 500 3747 de
529 3691 738 3750 introducendis
772 3690 942 3748 Graecorum
969 3684 1193 3744 medicaminibus
1224 3684 1301 3743 liber.

178 3776 402 3834 Commentarius
430 3795 496 3833 sane
522 3777 550 3834 in
578 3777 676 3834 Galeni
704 3776 720 3832 l.
745 3774 768 3836 1.
795 3777 831 3831 de
857 3772 1057 3847 compositione
1085 3771 1302 3828 medicamento-

176 3881 237 3918 rum
263 3881 314 3938 per
331 3879 444 3934 genera.
488 3861 599 3923 Bonan.
622 3856 714 3920 1553.
737 3861 774 3931 f.;
795 3860 832 3921 ib.
862 3852 953 3915 1575.
969 3856 1018 3926 4.;
1041 3855 1132 3913 Antw.
1157 3850 1248 3913 1585.
1270 3853 1300 3914 4.

176 3941 352 4009 (Simplicium
371 3943 506 4008 catalogus
524 3960 580 3994 cum
599 3943 662 3994 locis
681 3947 797 3992 veterum
815 3947 841 3991 et
860 3937 928 3990 notis
947 3936 1084 4006 auctoris.)

135 4013 205 4072 Just.
231 4015 405 4073 Mollerus
432 4014 556 4092 (Miilier)
578 4015 724 4073 fasciculus
744 4015 928 4071 remediorum
953 4008 1163 4068 exDioscoride
1178 4015 1206 4067 et
1226 4007 1301 4066 Mat-

126 4113 128 4117 ‘
172 4100 271 4159 thiolo.
315 4100 399 4159 Basil.
426 4094 517 4161 1570.
543 4094 574 4160 8.

135 4182 179 4247 Fr.
201 4183 277 4243 Lud.
304 4183 379 4260 Aug.
406 4186 502 4245 Herm.
529 4186 572 4242 de
597 4181 743 4240 Gohren
772 4181 941 4238 medicorum
965 4180 1118 4257 priscorum
1145 4178 1181 4235 de
1206 4177 1300 4253 signa·

173 4278 240 4331 tura
259 4271 383 4347 inprimis
407 4270 563 4348 plantarum
592 4267 728 4327 doctrina.
773 4265 1022 4323 commentationis
1043 4266 1080 4323 de
1097 4262 1300 4321 necessitudine

173 4373 248 4431 quae
273 4357 348 4414 inter
379 4354 604 4434 morphologiam
632 4358 661 4410 et
689 4350 943 4429 pharmacolagiam
970 4351 1048 4426 regui
1070 4346 1233 4424 vegetabilis
1257 4347 1299 4404 in-

172 4441 292 4500 tercedit
317 4439 386 4499 Pars
408 4441 431 4502 1.
454 4439 542 4499 lenae
568 4433 659 4498 1840.
682 4434 712 4500 8.
