2888 4958
144 283 207 353 154
633 287 820 368 Physiologiu.

185 464 234 503 snr
258 440 343 522 Apis,
372 440 488 520 serapis
517 460 555 500 ou
583 438 672 498 Osiris
696 445 726 500 et
754 459 803 501 sar
823 441 884 502 Isis.
907 443 1003 503 Suirie
1024 443 1060 502 de
1081 444 1244 505 recherches
1264 465 1316 506 sur

184 530 311 605 l'origine
341 529 377 585 de
405 525 567 603 l’alchymie.
600 525 731 585 Seconde
764 528 870 586 edition
896 547 996 604 revue,
1028 530 1155 606 corrigee
1183 538 1211 590 et
1239 551 1314 609 eug·

183 617 303 676 mentde.
340 612 417 670 Paris
443 605 535 672 l82l.
560 605 589 669 8.
616 621 691 690 (Non
704 624 796 676 medici
811 625 857 678 sed
872 624 1029 695 diplomatioi
1046 627 1161 681 auctoris
1175 645 1253 698 opus,
1266 626 1314 698 qui

184 694 307 750 societati
324 691 486 761 magneticae
504 691 644 744 parisiensi
662 701 720 745 erat
737 709 753 744 a
771 693 869 760 literis3
893 712 983 748 nomen
1010 697 1174 764 magnetismi
1191 714 1250 751 esse
1265 697 1312 766 ju-

184 766 230 818 bet
247 771 356 817 auctor:
377 763 649 815 Fontesidsoussisme
665 777 710 814 seu
722 764 1017 833 sontoziesoassiquc.)

139 836 186 895 Jo.
209 836 242 894 C.
264 836 298 897 A.
322 836 511 893 Ziermann
537 834 750 910 geschichtlicbe
774 835 956 912 Darstellung
972 839 1022 895 des
1043 837 1209 897 thieriseben
1228 837 1314 915 Meg·

184 922 319 981 netismus
344 920 384 977 als
399 919 578 990 Heilmittels,
600 919 650 978 mit
665 920 837 978 besonderer
853 921 1126 998 Beriiclrsichtigung
1142 924 1192 981 des
1206 924 1314 982 Somn-

184 1007 379 1080 ambulismus,
401 1005 429 1062 in
454 1004 529 1062 einer
550 1003 640 1062 Reihe
657 1004 799 1064 iihnlicher
816 1005 1047 1083 Erscheinungen
1063 1008 1114 1067 der
1134 1008 1252 1067 Vorzeit
1268 1008 1311 1066 bis

183 1094 237 1149 auf
255 1090 385 1150 Mesmer.
428 1088 520 1146 Berlin
543 1083 635 1147 1824.
659 1084 689 1148 8.

140 1173 221 1236 Alex.
247 1174 431 1234 Bertrand
449 1175 487 1231 du
509 1174 694 1249 magne'tisme
714 1173 816 1232 animal
838 1193 874 1233 en
894 1174 1015 1248 France,
1037 1183 1067 1234 et
1089 1177 1140 1234 des
1161 1176 1311 1251 jugemens

184 1269 267 1337 qu'en
296 1266 346 1318 ont
374 1260 457 1337 porte
485 1257 525 1316 les
554 1258 674 1316 societes
702 1265 847 1334 sarantes,
880 1279 948 1318 avec
969 1260 1010 1318 les
1032 1267 1123 1320 textos
1144 1262 1195 1318 des
1218 1262 1310 1318 divers

183 1350 314 1423 rapports
346 1345 411 1401 faits
433 1362 468 1401 en
502 1337 586 1401 1784
613 1363 665 1421 par
690 1342 731 1400 les
757 1345 956 1402 commissuires
984 1346 1021 1403 de
1052 1344 1226 1405 l'Academie
1259 1346 1311 1405 dos

182 1433 321 1501 sciences,
343 1429 379 1488 de
405 1428 432 1486 la
452 1426 572 1486 Faculte
597 1432 626 1487 et
654 1427 691 1485 de
717 1427 744 1484 la
765 1428 829 1486 Soc.
860 1428 970 1506 Royale
993 1431 1030 1488 de
1051 1430 1197 1489 medecine
1219 1436 1248 1489 et
1270 1431 1309 1488 du

182 1519 300 1594 rapport
321 1515 357 1571 de
378 1512 419 1575 M.
440 1512 566 1570 Husson.
594 1510 670 1568 Paris
696 1505 789 1573 1826.
816 1509 846 1572 8.

139 1599 239 1663 Ludw.
269 1597 455 1656 Choulant
482 1595 643 1671 Vorlesung
673 1596 744 1655 inber
776 1598 832 1656 den
866 1598 1062 1658 animaliscben
1096 1598 1309 1674 Magnetismns.

182 1686 312 1746 Dresden
337 1677 430 1741 1840.
455 1676 519 1753 123
545 1682 584 1740 ib.
597 1675 688 1743 1842.
701 1676 751 1742 12.
781 1695 926 1761 (Historioe
950 1696 1111 1767 potissimum
1135 1694 1253 1754 eontinet
1276 1695 1309 1747 ab

183 1763 366 1834 antiquissimis
384 1779 465 1830 usque
483 1763 516 1815 ed
535 1768 624 1814 nostra
641 1763 781 1831 tempore.)

140 1840 173 1902 C.
195 1838 336 1896 Burdin
359 1836 462 1910 (jeune)
485 1843 514 1894 et
534 1835 621 1893 Fre'd.
641 1833 782 1893 Dubois
808 1833 975 1914 (d’Amieus)
997 1837 1111 1896 histoire
1128 1836 1310 1912 academique

183 1925 222 1981 du
248 1922 430 1997 magnetisme
455 1920 557 1976 animal
580 1921 789 1997 accompagnec
812 1923 850 1979 de
873 1930 954 1980 notes
973 1928 1002 1981 et
1021 1924 1058 1981 de
1077 1940 1239 1997 remarques
1256 1921 1309 1979 cri·

181 2010 273 2086 tiques
299 2025 346 2064 sur
373 2011 466 2063 tontes
496 2005 536 2063 les
566 2004 760 2062 observations
788 2011 816 2063 et
843 2007 1020 2085 experiences
1052 2007 1133 2065 faites
1155 2005 1309 2083 jusqu'ba

179 2093 253 2169 jour.
289 2091 367 2150 Paris
393 2086 486 2149 1841.
507 2085 536 2151 8.
564 2093 611 2162 (47
623 2100 652 2145 et
666 2094 715 2148 651
727 2095 823 2163 pagg.)

484 2271 545 2366 d.
603 2271 961 2371 monumen.

137 2446 239 2505 Franc.
263 2442 421 2503 Hedelin
442 2444 527 2503 traite'
539 2444 589 2501 des
614 2449 714 2522 satyro,
726 2453 864 2505 monstres
886 2450 914 2504 et
929 2446 1056 2506 demens.
1082 2443 1160 2503 Paris
1175 2437 1267 2503 1627.
1279 2437 1308 2506 8.

139 2530 175 2594 G.
197 2527 260 2588 Alb.
281 2526 446 2604 Anthing
471 2529 508 2587 de
535 2529 666 2588 fabulosa
690 2529 895 2608 Pygmaeorum
919 2537 1014 2606 gente.
1045 2530 1139 2593 Viteb.
1163 2523 1257 2592 1710.
1277 2523 1306 2592 4.

136 2779 350 2899 ΧΠ.
365 2775 775 2902 Historia
799 2779 1307 2901 diaeteta've&

447 3026 507 3099 a.
579 3003 993 3102 Generatim.

135 3206 231 3266 Jemes
252 3206 461 3266 Mackenzie
482 3208 590 3288 history
617 3211 651 3270 of
670 3211 766 3270 health
792 3212 850 3269 and
876 3210 926 3270 the
950 3216 994 3270 art
1021 3211 1056 3268 oi
1081 3210 1248 3288 preserring
1276 3210 1307 3268 it.

178 3292 281 3350 Edinb.
295 3287 404 3369 (17..)
420 3287 511 3356 1760,
523 3289 552 3357 8.
565 3329 606 3339 -
625 3295 733 3354 Gallice
753 3296 856 3354 secund.
880 3296 944 3355 edit.
972 3296 1101 3353 alteram:
1125 3291 1151 3351 A
1173 3293 1201 3353 le
1225 3294 1308 3370 Haye

179 3371 272 3436 1759.
285 3373 313 3436 8.
325 3409 369 3421 —-
382 3375 508 3435 German.
527 3377 606 3455 (oert.
629 3379 655 3438 S
659 3384 670 3438 i
676 3382 686 3438 l
692 3381 817 3440 chms'ill
823 3382 871 3459 er)
905 3379 1065 3455 Altenbnrg
1081 3372 1175 3440 1762.
1187 3373 1216 3441 8.
1241 3383 1307 3449 (Va-

178 3457 236 3511 riae
254 3458 388 3527 opiniones
406 3465 540 3512 suetorum
558 3461 590 3514 de
609 3462 726 3529 diaeta.)

136 3530 228 3608 Chph.
269 3530 351 3591 Wilh.
389 3532 574 3591 Hufeland
607 3534 774 3592 Geschichte
809 3534 860 3590 der
887 3531 1080 3606 Gesundheit‚
1112 3529 1194 3591 nebst
1232 3531 1309 3589 einer

178 3615 346 3693 physischen
369 3617 585 3676 Cbaralrteristilr
607 3621 657 3677 des
678 3618 803 3694 jetzigen
830 3617 991 3678 Zeitalte'rs.
1039 3615 1112 3673 Eine
1135 3614 1306 3690 Vorlesung.

177 3701 271 3759 Berlin
300 3695 392 3759 181'2.
417 3696 447 3761 8.
478 3700 536 3761 Ed.
558 3709 654 3761 ancta:
685 3703 778 3762 Berlin
811 3696 903 3762 1813.
932 3695 961 3759 8.
985 3733 1024 3745 -
1048 3698 1133 3759 Redis
1152 3701 1183 3757 in
1203 3698 1307 3772 Ejusd.

178 3783 270 3842 kleine
296 3785 425 3844 mediciu.
450 3787 609 3861 Schriften,
637 3789 694 3851 Bd.
726 3785 756 3846 4.
778 3782 821 3845 S.
834 3781 905 3845 368.
923 3817 962 3828 -
980 3782 1089 3843 Suecice
1108 3788 1174 3843 aest.
1196 3784 1244 3845 Jo.
1266 3785 1306 3845 H.

178 3867 368 3931 Seldener.
396 3870 559 3930 Siochholm
588 3868 680 3933 1816.
703 3867 732 3931 8.
763 3883 844 3951 (Dim.
869 3884 943 3954 prius
968 3883 1079 3935 extabat
1100 3881 1127 3934 in
1143 3880 1180 3936 Η.
1197 3879 1306 3933 Journal

178 3947 227 3999 der
245 3949 329 4017 pralrt.
349 3949 497 4004 Heillrunde
517 3952 599 4018 16123
617 3953 722 4006 exhibet
739 3953 916 4007 brevissimum
935 3957 1100 4021 conspectum
1119 3949 1205 4004 victus
1218 3956 1246 4003 et
1258 3949 1305 4003 ha·

177 4016 248 4070 bitus
266 4017 394 4071 bominum
412 4020 550 4072 secundum
567 4021 683 4090 singulas
701 4022 825 4076 historiae
843 4021 986 4092 periodos.)

133 4106 236 4168 Franc.
268 4108 338 4166 Phil.
367 4108 574 4188 Oberknmp
604 4131 641 4169 an
673 4117 771 4170 nostro
803 4131 873 4170 aevo
904 4129 974 4189 prae
1008 4109 1177 4185 antiquitate
1206 4111 1306 4165 natura

176 4194 295 4251 hominis
317 4194 407 4252 minus
429 4195 518 4271 firma,
539 4196 630 4253 minus
657 4197 796 4274 longaeva
819 4197 876 4255 sitt
901 4195 1085 4271 Heidelberg.
1112 4187 1208 4254 1789.
1233 4187 1264 4250 4.

132 4276 178 4336 do.
211 4278 277 4336 Cari
309 4278 561 4339 Osterhausen
591 4281 662 4340 iiber
694 4282 889 4340 mediciniscbe
923 4276 1115 4354 hullrliirung.
1142 4275 1185 4336 ’1.
1212 4274 1305 4336 Band.

175 4363 279 4422 Zirrich
306 4357 397 4423 1798.
420 4359 449 4424 8.
470 4377 624 4446 (Historiam
642 4378 785 4434 medicinae
802 4378 935 4450 populatis
954 4378 1070 4432 eontinet
1086 4392 1171 4447 nsque
1184 4375 1219 4431 ad
1230 4374 1304 4428 linem

178 4457 249 4501 saec.
268 4443 364 4508 xvim
381 4444 416 4498 nil
435 4445 545 4515 amplius
563 4447 680 4518 prodiit)
734 4482 737 4487 -
1063 4484 1067 4489 ·
