2888 4958
131 345 153 409 b
466 343 592 402 Historia
611 341 763 400 medicinae
787 337 957 401 universalis,

176 502 381 578 pertractantur
402 502 454 558 etc.
490 494 621 553 Francos.
644 494 681 550 ad
701 491 798 550 Viadr.
822 483 915 552 1721.
934 486 962 549 8.
1001 500 1065 567 (Sex
1088 500 1209 570 periodo.
1229 517 1299 554 com.

178 579 300 649 plectitur
318 595 398 646 asque
416 576 449 628 ad
467 576 581 628 scholam
600 574 818 637 Alexandrinam
837 588 904 640 quae
922 570 1022 641 periodi
1037 570 1109 638 prius
1119 570 1225 622 seorsim
1240 570 1298 621 edi-

178 657 222 701 tae
240 655 313 699 erent
330 647 389 698 inde
406 647 439 697 ab
458 662 524 697 anno
544 643 620 708 1717,
640 643 766 695 communi
784 659 851 693 nunc
869 642 917 693 sub
936 640 1012 692 titulo
1025 639 1300 709 comprehenduntur.)

134 721 182 782 Jo.
206 719 340 796 Rndolph
363 718 571 776 Siltemanu
597 736 691 794 progr.
715 716 750 772 de
776 721 900 771 veterum
922 713 1067 773 medicina.
1103 711 1300 790 Leucopetrae

179 800 269 864 1725.
291 805 311 861 s.
356 808 436 874 (lude
455 810 488 859 ab
507 808 607 859 Adamo
624 804 757 872 incipiens
773 803 811 855 nil
826 802 889 854 novi
901 803 1046 866 continet.)

134 889 179 948 Jo.
201 888 340 945 Freind
371 889 420 946 the
451 889 558 964 history
593 887 627 943 ot
651 885 768 963 physick
786 885 857 940 trom
880 884 928 940 the
944 883 1011 940 time
1033 882 1067 938 ot
1087 880 1178 937 Galen
1197 886 1228 937 to
1251 880 1301 939 the

176 973 330 1048 beginning
363 973 396 1029 ot
426 974 474 1030 the
507 971 581 1030 xvi.
615 979 747 1045 century,
785 968 884 1044 chiefly
905 967 971 1025 with
992 966 1094 1042 regard
1114 972 1145 1022 to
1167 966 1299 1041 practice.

175 1056 270 1118 Lond.
295 1051 387 1127 1775,
414 1053 505 1115 1726.
528 1051 557 1113 8.
585 1063 636 1117 etc.
681 1053 739 1115 Ed.
762 1059 859 1131 paarta
881 1053 1030 1127 (Anglico)
1052 1044 1299 1111 [0011175118.

176 1137 284 1202 troo.
308 1159 363 1198 cerm
385 1145 442 1197 uita
457 1140 524 1211 Frn,
548 1141 613 1197 ibid.
640 1134 730 1198 1758.
747 1133 775 1195 8.
800 1170 842 1181 -
865 1137 1051 1197 Galliceoert.
1075 1135 1300 1191 EtienneCou·

178 1226 245 1297 let,
268 1224 348 1282 Leid.
375 1220 466 1284 1727.
488 1221 518 1282 4.
541 1230 566 1280 et
586 1224 653 1285 ibid.
681 1223 739 1285 eod.
764 1217 824 1295 ti,
850 1223 905 1278 atto
926 1222 971 1278 sed
993 1239 1123 1296 anonymo
1141 1222 1300 1296 interprete:

177 1310 255 1367 Paris
282 1302 372 1367 1728.
395 1306 425 1370 4.
447 1342 489 1352 -
514 1308 615 1365 Latine
636 1314 701 1364 vert.
725 1307 770 1363 Jo.
795 1307 939 1381 Wigan,
966 1305 1047 1366 Leid.
1066 1299 1157 1362 1734.
1175 1297 1217 1374 8.,
1242 1303 1301 1361 Ve-

178 1401 234 1452 net.
259 1388 348 1453 1735.
370 1388 399 1451 4.
423 1400 448 1451 et
469 1397 498 1450 in
520 1393 566 1451 Fr.
593 1393 669 1469 Opp.
693 1412 767 1450 omn.
790 1389 882 1447 Lond.
906 1385 996 1449 1733.
1016 1391 1045 1460 t,
1071 1389 1148 1446 Paris
1164 1382 1254 1447 1735.
1270 1382 1300 1450 4.

177 1476 258 1535 Leid.
286 1472 377 1537 1750.
399 1474 428 1536 8.
455 1511 496 1520 -
522 1477 621 1534 Contra
647 1476 820 1533 Freindinm:
845 1475 878 1536 C.
905 1475 951 1536 W'.
977 1475 1016 1531 M.
1039 1473 1075 1531 D.
1095 1472 1185 1546 (Will.
1207 1472 1301 1529 Coch-

178 1563 249 1620 bum
275 1566 330 1619 noe
352 1563 457 1620 Clitton
478 1561 696 1637 Wintringham)
726 1561 917 1618 ohservations
943 1579 980 1616 on
1002 1558 1053 1616 Dr.
1067 1557 1183 1614 Freinds
1194 1557 1302 1634 history

179 1648 213 1704 ot
229 1647 346 1723 physick
371 1648 496 1722 shewing
518 1666 595 1704 some
619 1646 688 1703 salse
713 1647 949 1722 representations
976 1645 1010 1700 of
1028 1644 1139 1700 ancient
1162 1643 1218 1698 and
1240 1662 1301 1700 mo-

179 1732 248 1788 dern
273 1731 439 1807 physicians.
483 1731 576 1788 Lond.
600 1725 691 1789 1726.
718 1725 764 1801 8.,
787 1730 849 1786 dein
874 1729 919 1785 Jo.
941 1726 1093 1785 Leclerc
1116 1730 1145 1783 in
1168 1727 1300 1785 Biblioth.

179 1816 313 1874 ancienne
335 1821 363 1873 et
384 1817 518 1873 moderna
541 1821 608 1872 tom.
631 1815 724 1872 xxvi
747 1814 865 1890 fratrem
890 1811 999 1875 Daniel,
1022 1811 1132 1868 Leclerc
1146 1810 1300 1869 corrtroFr.

179 1899 309 1976 defendit,
331 1899 489 1957 Freindium
514 1919 573 1957 uero
598 1905 691 1956 eontra
712 1899 781 1955 barre
806 1901 875 1954 tueri
896 1903 1006 1954 conatur
1032 1897 1076 1953 Jo.
1100 1896 1197 1953 Baillie
1219 1896 1301 1954 letter

178 1984 298 2058 reluting
322 1990 353 2041 to
380 2004 457 2043 some
482 2003 616 2062 passages
636 1986 664 2041 in
686 1983 735 2041 Dr.
757 1982 804 2043 Fr.
831 1982 937 2058 history
953 1984 987 2038 ot
997 1983 1076 2059 phys.
1102 1975 1301 2045 Louallitl.

178 2063 207 2127 8.
230 2076 258 2126 et
281 2063 371 2128 1733,
394 2066 422 2128 8.
467 2080 581 2148 (Clerici
606 2098 671 2150 opus
696 2080 891 2131 continuaturus
919 2079 964 2133 Fr.
991 2080 1109 2131 Graecos
1133 2079 1301 2147 posteriores,

179 2151 280 2202 Arabas
299 2159 326 2202 et
343 2151 478 2204 Arabiates
497 2152 609 2203 medicos
628 2151 776 2200 accuratius
793 2148 933 2214 tractavit,
954 2164 1030 2217 quam
1049 2157 1186 2199 antaeum
1205 2149 1303 2201 iactum

180 2226 246 2282 erat,
265 2220 415 2286 etcopiose
434 2220 466 2270 de
484 2219 515 2270 iis
534 2219 664 2285 exposuit,
683 2218 814 2284 practicae
837 2216 956 2269 utilitatis
975 2233 1037 2284 prae
1056 2217 1150 2268 ceteris
1169 2220 1284 2283 memor.)

136 2289 182 2347 Jo.
203 2289 291 2347 Henr.
315 2291 471 2348 Schulze
494 2292 608 2348 historia
629 2291 782 2347 medicinae
807 2310 823 2347 a
851 2309 942 2346 rerum
964 2290 1040 2346 initio
1067 2291 1104 2345 ad
1125 2307 1228 2346 annum
1247 2290 1305 2348 Ur-

180 2373 223 2430 bis
244 2375 353 2432 Romae
374 2374 509 2432 Dxxxv
532 2376 661 2431 deducta.
712 2372 789 2451 Lips.
815 2369 904 2432 1728.
927 2370 955 2430 4.
1002 2371 1121 2467 Gtflgg.
1147 2387 1234 2458 (opu,
1253 2404 1304 2458 ap.

180 2454 261 2523 prime
279 2454 383 2507 doctum
401 2457 426 2506 in
442 2455 551 2508 historia
569 2454 710 2507 medicinae
729 2457 891 2508 Graecorum
910 2455 1131 2522 antiquissimae.)

140 2559 179 2571 -
205 2560 246 2571 -
276 2529 471 2605 compendium
503 2530 635 2586 historiae
664 2530 816 2585 medicinae
849 2550 866 2586 a
899 2547 990 2585 rerum
1026 2528 1102 2583 initio
1134 2529 1171 2584 ad
1196 2528 1304 2586 Hadri-

181 2611 225 2668 ani
246 2610 367 2688 Augusti
393 2632 541 2671 excessum.
595 2613 660 2674 Hal.
689 2608 778 2671 1741.
802 2607 831 2670 8.
858 2645 900 2655 -
925 2612 1025 2668 Renat.
1046 2608 1163 2667 Morean
1183 2612 1216 2668 de
1238 2617 1304 2669 mis-

180 2699 253 2753 sione
286 2701 426 2774 sangninis
459 2702 489 2755 in
523 2699 683 2776 pleuriticis,
738 2697 805 2758 Hal.
830 2691 920 2756 1741.
945 2691 989 2764 8.,
1021 2696 1082 2752 baie
1107 2697 1162 2771 ipsi
1190 2698 1305 2772 impres-

180 2784 250 2839 sioni
271 2787 354 2840 sen'us
374 2784 524 2841 addebatur
551 2805 568 2840 a
591 2785 722 2853 librario,
758 2783 834 2839 11111111
865 2800 925 2837 aero
950 2780 1085 2837 dedicatio
1108 2799 1178 2836 riona
1207 2787 1232 2837 et
1253 2802 1303 2839 no-

179 2885 227 2923 uus
254 2868 359 2925 titides:
410 2869 566 2945 Compend.
595 2869 660 2927 hist.
693 2869 766 2924 med.
789 2886 805 2923 a
830 2886 882 2928 rer.
910 2865 988 2922 initio
1015 2866 1051 2921 ad
1078 2884 1182 2922 excess.
1211 2866 1302 2925 Hadr.

180 2950 318 3026 Augusti,
349 2953 497 3026 subjuncta
522 2960 564 3010 est
588 2953 660 3009 Ren.
682 2953 798 3008 llloreau
822 2953 898 3008 doct.
924 2953 997 3007 merl.
1023 2950 1108 3007 Paris.
1131 2950 1244 3008 dialexis
1267 2954 1304 3011 de

181 3035 312 3091 missione
337 3037 480 3109 sanguinis
503 3037 531 3093 in
557 3037 713 3112 pleuritide.
758 3035 821 3091 Hal.
845 3029 936 3093 1742.
960 3029 1000 3105 8.,
1023 3037 1065 3090 ita
1086 3041 1117 3090 at
1137 3054 1205 3092 noua
1221 3037 1304 3094 editio

182 3118 329 3192 compendii
353 3119 408 3175 dici
432 3140 485 3176 reon
502 3124 602 3195 possit,
634 3120 679 3176 sed
702 3140 778 3196 opere
798 3118 961 3175 Mamiliano
982 3119 1064 3175 solnm
1085 3125 1174 3183 oracta.
1215 3134 1304 3198 (com.

182 3199 303 3264 pendium
322 3199 441 3261 brevius‚
469 3200 511 3251 cui
529 3201 591 3268 figg.
612 3218 698 3253 ornnes
717 3203 825 3262 desunt,
853 3207 958 3267 praeter
977 3216 1091 3252 nummos
1108 3207 1164 3253 tres
1182 3200 1208 3253 in
1227 3202 1302 3256 titulo

182 3282 327 3334 expressos,
347 3285 411 3336 opus
430 3269 561 3321 doctrinae
579 3270 679 3337 plenum
697 3284 724 3322 et
742 3270 920 3334 utilissimum.)

139 3335 194 3395 Gli.
221 3339 338 3399 Stolle
359 3340 511 3417 Anleitung
536 3363 586 3399 zur
608 3343 733 3400 Historia
759 3344 809 3400 der
831 3341 1043 3400 medicinischen
1069 3340 1239 3401 Gelahrheit.
1273 3344 1305 3402 ln

180 3424 285 3499 dreyen
306 3425 431 3483 Theilen.
464 3427 535 3484 Jeua
560 3421 649 3485 1731.
676 3424 704 3485 4.
739 3439 812 3506 (Non
832 3439 946 3492 medicus
965 3445 1024 3491 erat
1042 3439 1098 3502 St,
1122 3439 1168 3491 sed
1187 3440 1225 3492 rei
1244 3441 1304 3494 iite-

181 3504 268 3556 rariae
286 3506 434 3571 studiosus,
470 3507 507 3560 ita
526 3515 555 3559 ut
574 3509 607 3560 ad
627 3508 759 3576 hocopus
779 3509 840 3563 Chr.
861 3508 931 3563 Guil.
952 3508 1107 3561 Kestnerum
1135 3509 1233 3561 socium
1254 3512 1305 3563 sibi

181 3573 356 3637 adscisceret3
399 3576 493 3628 similia
517 3594 598 3645 opera
622 3578 745 3629 historica
761 3578 814 3645 jam
833 3579 865 3628 de
885 3576 1002 3647 pluribus
1029 3575 1087 3628 aliis
1113 3577 1238 3631 doctrinis
1263 3580 1304 3636 st.

182 3646 386 3713 conscripserat,
404 3647 487 3698 fusior
503 3646 529 3698 in
549 3647 658 3698 vitarum
678 3645 899 3698 vicissitudinibus
918 3647 1097 3712 enarrandis.)

139 3711 204 3769 Chr.
230 3715 313 3774 Wilh.
342 3717 504 3777 Kestuer
528 3720 628 3777 kurzer
658 3718 766 3794 Begritl
799 3719 849 3776 der
873 3719 996 3776 Historia
1019 3719 1069 3775 der
1091 3719 1305 3780 medicinischen

181 3792 355 3858 Gelahrtbeit
380 3804 544 3882 iiberhaupt.
599 3804 682 3862 Halle
709 3797 799 3861 1743.
828 3799 875 3877 8.,
910 3797 1003 3866 1748.
1023 3799 1052 3861 8.
1093 3815 1153 3882 (De
1180 3818 1260 3871 sectis
1278 3825 1307 3872 et

180 3875 292 3930 inventis
310 3881 433 3948 medicis.)

139 3948 265 4007 Gottlieb
288 3951 386 4011 Heinr.
411 3955 683 4032 Kannegiesser
711 3955 801 4012 oratio
825 3957 861 4012 de
886 3961 1010 4012 veterum
1032 3955 1060 4014 in
1086 3976 1144 4013 rem
1170 3961 1305 4020 medicam

180 4034 264 4093 laude
285 4042 313 4093 et
333 4039 435 4096 meritis
456 4041 538 4118 piane
560 4042 754 4117 singularibus.
798 4041 892 4101 Kilon.
922 4034 1011 4101 1747.
1040 4035 1069 4097 4.

136 4117 246 4178 Rohert
267 4121 383 4180 James
409 4126 504 4182 istoria
529 4125 603 4182 della
625 4126 771 4199 medicina,
795 4127 867 4183 della
890 4144 939 4183 sua
963 4126 1071 4201 origine
1097 4126 1154 4184 tino
1177 4146 1194 4185 a
1216 4130 1306 4188 nostri

179 4206 275 4282 tempi,
301 4208 428 4267 tradotto
455 4209 520 4266 dall’
542 4209 662 4285 lnglese.
705 4211 809 4269 Venez.
835 4204 947 4289 (1752)
973 4205 1063 4269 1762.
1091 4205 1120 4268 8.

136 4287 285 4348 Bernhard
304 4290 402 4369 Georg
423 4294 650 4352 Dreckmann
684 4295 771 4352 kurze
802 4295 954 4354 Nachricht
985 4314 1041 4353 von
1074 4296 1138 4352 dem
1161 4298 1307 4356 Zustande

179 4374 230 4430 der
255 4373 496 4438 Artzenei-Kunst
524 4379 681 4438 sonderlich
710 4381 739 4436 in
771 4382 827 4440 den
859 4382 962 4456 Tagen
999 4381 1049 4437 der
1074 4377 1168 4438 Alten.
1222 4382 1307 4444 Halle

180 4452 271 4518 1752.
297 4461 327 4525 4.
372 4467 524 4536 (Theologi
547 4468 666 4521 auctoris
692 4485 761 4538 opus
787 4471 886 4523 nullius
908 4471 968 4522 lere
988 4469 1138 4536 momenti.)
